2910 4774
448 293 451 300 ’
532 273 740 346 mousom
762 273 802 339 11.
1154 273 1226 348 rso

113 445 213 523 quitis
239 447 272 506 et
295 444 492 524 voluptatum
512 462 619 514 amore
638 447 792 511 virerent.
834 445 911 516 onis
937 447 1018 517 enim
1039 445 1226 518 libidinosas

113 557 169 619 vel
187 557 399 634 intemperans
420 558 454 618 et
469 555 622 624 humanae
643 558 748 622 carnis
770 557 882 634 opulas
903 555 1044 626 inbonis
1059 573 1227 626 numerans

112 667 219 744 possit
243 669 375 735 mortem
398 667 563 745 amplecti,
592 670 628 734 ut
651 667 742 732 bonis
763 667 829 730 suis
846 667 970 744 creat,
991 683 1029 734 ec
1044 683 1106 736 aon
1119 668 1227 745 petua

114 777 239 838 omnino
262 776 344 838 hano
365 777 463 839 vitam
486 793 611 856 semper
627 795 724 856 agere
741 779 775 841 st
789 777 994 854 magistratus
1010 776 1113 846 latore
1130 793 1228 846 cone·

113 889 185 965 tur,
222 887 334 946 nedum
358 886 498 964 seipsum
523 887 648 954 deierat
672 889 773 954 morte
797 887 1027 953 damnandum?
1060 886 1125 954 lam
1147 904 1227 958 vero

114 1013 286 1076 pravorum
307 997 489 1064 daemonnm
511 998 648 1076 impulsu
670 997 784 1064 nefarii
801 997 925 1074 quidam
940 995 1081 1064 homines
1098 996 1159 1063 hoc
1174 997 1227 1064 sa-

116 1108 205 1168 cinus
229 1107 404 1168 ediderunt.
447 1083 551 1177 Quum
570 1108 652 1168 enim
672 1106 839 1188 nonnullos
860 1106 1041 1170 occiderent
1056 1107 1097 1178 ob
1118 1106 1228 1178 auen

115 1217 209 1278 nobis
223 1217 371 1294 erimina,
393 1217 434 1278 ad
446 1219 603 1278 tormenta
619 1219 714 1281 etiam
731 1217 905 1294 rapuerunt
919 1217 1100 1278 nostrornm
1113 1233 1228 1280 servos

117 1329 173 1390 aut
188 1327 308 1386 liberos
321 1329 376 1388 aut
391 1328 609 1406 mulierculas,
632 1331 726 1404 atque
741 1325 910 1396 horrendis
926 1329 1116 1396 cruciatibus
1132 1327 1228 1394 fabu-

116 1437 189 1498 losa
204 1437 267 1498 ista
289 1436 446 1515 facinora,
468 1455 549 1516 qaae
573 1438 637 1515 ipsi
655 1438 761 1514 palam
782 1441 986 1517 perpetrant,
1010 1441 1126 1516 cogunt
1148 1455 1228 1516 pro·

117 1547 221 1608 ferre:
244 1563 325 1624 quae
341 1549 466 1624 quidem
486 1549 559 1626 quia
575 1565 595 1608 a
611 1547 702 1611 nobis
724 1548 828 1612 aliena
845 1551 933 1626 suut,
955 1565 1017 1614 non
1036 1551 1228 1626 laboramus,

118 1675 212 1734 quum
234 1659 405 1736 ingenitum
421 1660 454 1718 et
472 1657 716 1728 inenarrabilem
738 1658 830 1718 deum
851 1660 965 1720 testem
983 1659 1154 1734 habeamus
1169 1674 1228 1724 co.-

117 1768 303 1844 gitationum
327 1770 361 1828 et
380 1769 545 1836 actionum·
587 1768 654 1837 ilua
679 1768 760 1834 enim
782 1768 822 1826 de
840 1785 936 1834 causa
957 1785 1019 1834 non
1034 1770 1129 1831 etiam
1147 1768 1229 1834 haoo

117 1879 244 1956 publice
266 1878 469 1955 profiteamur
499 1880 586 1940 recte
608 1878 678 1937 lieri
702 1894 739 1937 ae
762 1877 897 1936 divinam
926 1895 965 1958 ea
992 1877 1227 1957 philosophiam

118 2005 191 2048 esse
209 1989 474 2066 demonstremus,
497 1988 636 2048 (licentes
655 1987 782 2046 Saturni
794 1988 955 2065 ¹mysteria
970 2005 989 2047 a
1003 1988 1094 2047 nobis
1114 1987 1227 2064 peragi

117 2099 295 2159 hominibus
316 2099 481 2157 necandis:
505 2115 543 2158 ac
565 2097 637 2158 (lum
659 2098 826 2175 sanguine,
850 2099 886 2156 ut
904 2097 1000 2174 vulgo
1023 2098 1145 2174 dicunt,
1167 2097 1226 2156 im-

118 2210 260 2288 plemur,
289 2209 507 2268 caerimoniam
527 2223 604 2268 esse
625 2207 758 2267 similem
780 2209 908 2266 vestrae
932 2207 1080 2284 religioni
1098 2207 1131 2266 in
1146 2205 1227 2266 illutl

119 2319 327 2397 simulacrum,
349 2319 476 2380 coinon
492 2319 611 2380 tantum
628 2317 827 2379 animantium
840 2317 965 2378 ratione
980 2317 1150 2378 carentium
1168 2316 1227 2376 seni

121 2551 229 2607 Goion..
264 2551 354 2620 Neque
378 2551 442 2604 urbe
473 2565 563 2604 eversa
589 2549 658 2604 istud
691 2554 734 2604 tns
748 2552 798 2604 ait:
828 2547 914 2618 „licre
934 2549 960 2602 in
977 2549 1020 2602 illa
1037 2548 1228 2616 religiosissima

119 2637 204 2690 scelus
227 2635 380 2690 exstinctum
397 2640 453 2704 est,
475 2651 563 2688 verum
582 2636 658 2688 etiam
691 2639 755 2690 urbe
770 2634 946 2690 Aeneadarum
963 2635 1061 2701 piorum
1078 2638 1118 2686 est
1138 2634 1228 2703 lupi-

120 2725 180 2790 post
202 2721 305 2774 vetitam
326 2723 437 2776 romanis
453 2721 551 2788 legibus
568 2721 658 2772 hnma—
692 2728 744 2778 tet
764 2719 916 2793 qnidam,
935 2732 1026 2786 quem
1047 2717 1137 2772 ludis
1158 2719 1229 2782 suis

120 2821 211 2859 narum
225 2806 366 2860 hostiarum
382 2805 588 2873 immolationem,
609 2807 658 2858 im·
691 2809 831 2860 humano
857 2802 1024 2870 proluunt
1048 2801 1227 2868 sanguine.

120 2903 163 2942 mo
177 2893 237 2958 post
248 2889 395 2943 sacerdotes
407 2891 434 2942 in
447 2891 578 2944 arboribus
591 2894 657 2943 tem·
693 2891 745 2944 Sed
758 2888 882 2956 bestiarii,
900 2886 1012 2954 inquitis.
1043 2885 1109 2952 Hoc,
1128 2886 1228 2952 opinor,

119 2973 157 3041 pli
174 2973 214 3025 sui
227 2975 453 3027 obumbratricibus
469 2989 516 3042 per
529 2975 658 3028 Tiberium
692 2976 775 3028 minus
797 2989 870 3042 quam
893 2970 1011 3024 hominis.
1047 2968 1089 3022 Αι
1105 2970 1153 3021 hoe
1171 2973 1228 3022 tur·

120 3059 300 3128 proconsulem
322 3058 439 3112 crucibus
454 3060 585 3127 expositos
601 3058 659 3112 nui
692 3061 766 3128 pius,
798 3055 865 3126 quod
889 3056 967 3108 mali
995 3054 1124 3107 hominist
1151 3053 1228 3106 Certe

120 3143 285 3198 nibilominus
306 3141 394 3196 eadem
417 3142 541 3198 sacrificia
566 3144 593 3196 in
614 3157 659 3197 oc·
692 3149 778 3196 tamen
805 3141 836 3194 (le
863 3136 1054 3192 homicidio
1084 3134 1228 3190 mndihrr.“

121 3228 191 3282 culto
209 3227 350 3294 iaciebant,
378 3232 456 3295 prout
478 3228 659 3297 Tertullianum,
697 3227 761 3282 coll.
777 3225 833 3278 air,
846 3224 962 3278 Gnostic.
975 3239 998 3277 c.
1012 3221 1038 3276 7.
1052 3221 1136 3276 Anteae
1151 3235 1229 3288 prae-

121 3316 178 3384 ipse
194 3313 276 3380 hier,
294 3313 429 3366 memoriae
447 3312 558 3380 prodidit
574 3313 660 3383 (hpo-
693 3317 766 3366 terea
784 3311 883 3364 {lationi
904 3309 976 3362 Orat.
990 3306 1045 3360 adr.
1057 3306 1135 3364 (ient.
1152 3301 1229 3370 neo,

121 3399 174 3464 leg.
189 3413 211 3452 c.
220 3397 260 3466 9).
280 3397 353 3450 Hanc
365 3398 566 3452 observationem
575 3397 660 3450 unul-
695 3395 828 3464 Theophili
841 3393 873 3448 ai
891 3392 981 3446 hutol,
993 3393 1040 3445 lll.
1056 3407 1078 3445 e.
1091 3389 1121 3457 i,
1142 3389 1229 3444 uinu-

122 3482 165 3536 bio
180 3480 309 3536 debemus.
370 3520 373 3526 .
695 3481 796 3538 ciiFel.
815 3479 903 3533 Octar.
920 3478 984 3532 ebt
1001 3481 1027 3530 et
1042 3475 1091 3544 80,
1116 3474 1230 3527 Lactan-

192 3566 219 3621 9.
239 3567 277 3636 cpi
292 3559 363 3633 παρ’
378 3557 447 3632 ipre
462 3563 607 3636 τιμωμένῳ
621 3563 669 3620 et·v
693 3567 723 3620 tii
735 3566 753 3620 l.
767 3581 790 3618 c.
804 3565 825 3618 1.
846 3580 869 3618 c.
880 3563 923 3618 21.
957 3562 1046 3616 Altum
1068 3563 1151 3614 autem
1167 3572 1229 3626 pro-

123 3644 216 3720 cnop]
239 3651 301 3706 Scil.
321 3655 416 3706 seteis.
449 3652 533 3707 Locro
544 3650 659 3718 apprime
693 3651 745 3704 tani
758 3649 899 3716 scriptores
915 3663 944 3701 ea
961 3647 992 3702 (te
1007 3663 1034 3700 re
1048 3643 1175 3698 silentium
1187 3645 1230 3692 te-

123 3737 166 3786 est
195 3735 310 3802 insignis.
346 3737 449 3790 Etenim
477 3737 517 3790 his
547 3736 660 3789 lustinus
693 3736 765 3787 nent.
801 3733 851 3784 list
868 3749 934 3786 unus
958 3730 1137 3799 excipiendus,
1162 3725 1230 3777 Por-

123 3819 209 3872 verbis
222 3820 309 3872 lovem
323 3821 450 3874 Latiarem
468 3819 599 3887 designat,
620 3819 660 3872 cui
693 3816 816 3886 phyrius,
841 3817 912 3868 cuius
933 3816 979 3884 (de
996 3813 1132 3868 abstinent.
1150 3809 1184 3862 ll.
1205 3823 1228 3861 c.

4 3963 8 3972 ,
122 3904 168 3956 illo
197 3906 253 3972 ipso
279 3908 394 3973 tempore
423 3905 519 3957 Romae
545 3904 660 3968 homiues
694 3900 737 3954 66.
756 3916 782 3969 p.
800 3899 860 3954 203.
885 3899 925 3954 erl.
944 3897 1054 3964 Rhoer.)
1075 3895 1150 3948 rerba
1169 3897 1230 3946 sunt

123 3989 327 4043 immolabantur.
356 3988 436 4053 Quem
454 3989 662 4057 superstitionem
696 3987 804 4040 haecce:
821 3975 883 4036 'riti’
903 3979 1129 4046 lenociniosis
1146 3973 1229 4045 ἄγνο-

125 4090 214 4130 omnes
231 4074 388 4142 Apolopetae
411 4074 532 4129 Romanis
557 4073 661 4126 obiicie-
697 4075 723 4126 ci
734 4067 807 4124 κατὰ
819 4066 873 4139 τήν
888 4065 1007 4137 μεγάλην
1024 4062 1107 4120 πόλιν
1127 4063 1161 4134 τῇ
1177 4065 1230 4118 τοῦ

122 4161 196 4224 bant,
214 4159 349 4227 praecipue
365 4159 552 4226 Tertullianus,
570 4159 613 4226 qui
629 4157 661 4225 (l.
696 4155 853 4223 Λαιιαρίιι
866 4148 935 4217 Διὸς
956 4150 1038 4224 ἑορτῇ
1053 4148 1230 4222 σφαζόμενοι

126 4241 295 4311 e.)·nostrum
315 4243 425 4298 tortasse
440 4243 661 4302 lustinumimilas·
697 4236 867 4310 ἅνθρωπονι
