2900 4776
532 261 741 330 Aeonocm
766 263 790 328 1.
838 311 840 316 .
908 259 915 282 ’
1172 263 1222 336 57

105 435 245 496 medicus
271 433 385 511 inerit,
417 435 599 500 fulminatus
619 439 693 516 est‚,
706 437 863 502 Bacchum
889 439 1057 519 postquam
1079 431 1219 502 dilanio-⁴

105 548 156 608 tus
177 549 243 627 est,
270 543 434 608 Herculem
454 550 620 627 postquem
635 566 671 610 se
688 551 790 627 ipsum
805 549 880 627 iuge
902 551 1045 612 laborum
1060 552 1126 630 igni
1144 554 1222 614 tro··
1297 547 1299 552 ’

103 657 204 740 didit,
229 655 401 718 llioscuros
423 675 464 718 ex
489 657 593 736 Leda,
615 659 765 720 Perseum
789 675 830 720 cx
844 659 952 720 Danae
972 661 1114 740 genitos,
1135 661 1215 722 Bel-

102 766 341 846 leropirontem‚
364 769 433 846 qui,
455 779 496 828 ex
510 769 686 830 hominibus
699 770 841 848 genitus,
864 786 945 846 equo
962 771 1086 848 Pegaso
1102 771 1222 832 subla-2

102 879 156 938 tus
174 880 233 938 cst.
278 879 358 948 oum
381 879 616 940 enim-'dicamus
635 873 806 940 Ariadnem
824 895 861 940 nc
883 879 936 956 qui
956 879 1101 966 similiter
1118 882 1213 958 atque

102 989 163 1048 illa
185 990 307 1067 recepti
330 989 413 1050 inter
437 990 543 1050 sidera
569 989 741 1072 ferunturl
769 985 811 1049 Et
836 983 911 1066 quid
931 991 1102 1050 morientes
1128 989 1214 1068 apud

101 1114 163 1158 vos
179 1099 406 1178 imperatores,
430 1116 508 1176 quos
529 1116 654 1178 semper
672 1097 858 1160 consecrare
879 1101 1045 1177 dignantes
1060 1099 1113 1160 vel
1133 1117 1215 1178 pro·

102 1210 219 1269 ducitis
235 1211 409 1288 quempiam
430 1211 483 1286 qui
501 1210 708 1270 iureiurando·
723 1211 884 1270 confirmet
903 1211 1022 1270 vidisse
1040 1227 1075 1270 se
1090 1227 1213 1270 croma-

101 1321 167 1380 tum
179 1317 344 1412 Gaesarem
360 1321 392 1379 in
406 1320 525 1384 coelum
538 1320 803 1380 adscendentem
819 1319 861 1382 Iit
876 1321 981 1397 qualia
994 1321 1144 1396 cuiusque
1154 1335 1212 1390 co·

100 1447 178 1506 num,
197 1431 249 1506 qui
261 1429 346 1490 lovis
369 1431 427 1490 lilii
447 1431 591 1491 dicuntur
607 1411 692 1490 lactc
707 1431 955 1508 perhibeantur,
976 1432 1060 1508 opud
1074 1431 1212 1490 scientes

101 1541 212 1602 dicore
233 1555 363 1600 necesso
378 1544 521 1619 nonest,
543 1542 601 1600 scd
616 1541 677 1600 hoo
693 1543 828 1600 tantum:
850 1541 882 1599 in
896 1557 984 1600 usum
1002 1543 1035 1598 et
1057 1541 1212 1600 adhorta·

16 1679 17 1684 ¹
99 1652 220 1712 tionem
240 1651 508 1712 discentium‘isto
528 1651 632 1722 literis
654 1651 801 1728 mandata
825 1667 914 1726 essc;
936 1650 1111 1709 imitatores
1131 1649 1212 1710 enim

100 1761 233 1823 deorum
260 1777 333 1821 esse
370 1761 473 1822 cuncti
503 1761 701 1838 praeclarum
734 1760 916 1842 autument.¹
945 1759 1039 1818 Absit
1062 1753 1212 1820 n'otema

99 1889 180 1933 sana
204 1873 307 1932 mente
325 1871 405 1932 hoec
421 1867 461 1930 do
478 1869 537 1930 diis
555 1871 724 1949 cogitatio,
746 1872 781 1930 ut
795 1871 896 1947 ipsum
913 1868 1021 1930 ducem
1036 1871 1069 1929 et
1083 1870 1212 1947 genito-

97 1999 170 2046 rem
183 1983 317 2044 omnium
331 1981 499 2043 secundnm
513 1979 706 2042 lllos'lovem
720 1979 910 2060 parricidam
925 1981 958 2040 et
974 1995 1014 2040 ex
1026 1981 1118 2060 patre
1132 1997 1212 2060 par·

98 2193 162 2248 slini
188 2195 218 2244 nt
246 2189 349 2252 uidetur
372 2189 486 2244 monime
508 2187 640 2256 adductus,
744 2191 786 2246 11.
804 2187 1019 2259 euronotum]
1038 2189 1211 2245 Saturnumn

19 2331 22 2338 ,
98 2273 233 2336 existimat
254 2278 282 2330 ln
303 2278 417 2332 omnibus
441 2275 640 2330 consecrationi·
674 2277 726 2338 lilio
748 2276 803 2346 suo}
816 2279 876 2330 Iove
901 2273 1001 2348 pulsum
1029 2288 1109 2343 regno
1132 2275 1210 2328 luisse

98 2369 149 2422 bus
165 2367 214 2418 iam
227 2361 286 2418 inde
302 2363 332 2414 nb
348 2361 463 2430 exemplo
477 2361 577 2413 Romuli
593 2355 639 2412 lico
674 2363 745 2416 molti
760 2364 927 2432 scripserunt,
948 2361 1054 2430 monime
1068 2365 1158 2428 poetae
1171 2359 1210 2411 ln-

97 2446 550 2504 iusiursndnmluissenecesssnium.
568 2443 644 2511 Quod
674 2449 720 2501 tiui
741 2465 773 2502 ex
795 2449 872 2502 Ennii
886 2449 1015 2502 Euemero
1037 2445 1134 2499 edocti:
1164 2439 1211 2496 scd

99 2549 151 2602 ego
166 2533 251 2586 multis
267 2533 297 2586 de
315 2534 398 2586 causis
414 2531 486 2584 rcldc
505 2545 596 2584 vereor
612 2535 641 2584 ut
674 2535 827 2603 scriptorum
843 2551 902 2604 psus
923 2536 998 2601 longe
1014 2532 1138 2596 maxims,
1156 2527 1211 2582 sinc

98 2637 190 2676 verum
206 2620 249 2672 sit.
270 2617 410 2674 l'tirtlios.
428 2617 582 2685 Quemquam
593 2616 640 2670 lin·
674 2619 813 2672 Homerum
827 2621 881 2672 sire
894 2619 984 2672 lamam
993 2619 1106 2670 veterem
1118 2612 1211 2680 secuti,

97 2709 154 2760 mot
186 2705 276 2758 lostini
312 2702 485 2754 testimonium
520 2703 639 2759 Tattenos
673 2703 850 2770 coniugatum
865 2719 921 2757 eum
938 2697 1209 2756 sedinvinculncon-

100 2793 178 2844 (loct.
197 2803 220 2841 c.
244 2788 321 2846 Geni.
339 2804 362 2841 c.
381 2789 427 2856 1ος
447 2787 512 2841 idem
529 2787 639 2856 periuri·
674 2789 766 2842 iccium
780 2788 898 2855 tradunt,
917 2789 959 2840 clii
975 2786 1051 2838 ctiam
1068 2784 1210 2846 exsectum,

85 2892 141 2946 ‚um
158 2873 330 2928 Tertullianus
351 2871 382 2926 od
404 2873 501 2926 untione
518 2873 540 2926 1.
566 2889 588 2925 c.
607 2873 653 2924 to·
673 2872 835 2926 interiectum
847 2871 929 2942 (quod
941 2870 1031 2936 sciam)
1046 2879 1130 2920 nemo.
1154 2863 1209 2916 Nc-

95 2965 127 3016 et
141 2962 177 3015 11.
192 2957 246 3014 cl
264 2959 380 3024 cdsttgct.
674 2973 723 3025 qne
740 2958 849 3009 tortasse
865 2954 891 3007 id
911 2954 990 3006 noluit
1010 2952 1138 3018 lustinus,
1163 2945 1210 3000 sed

170 3045 196 3098 9.
215 3045 255 3108 εἰς
278 3039 424 3111 διαφορὰν
446 3039 495 3097 sat
513 3058 639 3108 προτρο-
673 3041 758 3096 lovem
787 3036 990 3107 πατροφόοτην
1016 3041 1089 3090 vocnt
1119 3033 1209 3106 codem

94 3127 169 3201 orris]
197 3129 277 3195 [ουρ.
294 3133 320 3181 et
336 3129 395 3182 Bili.
412 3128 549 3195 (Obsecro.
571 3145 637 3184 socr.
672 3124 856 3192 significatione
870 3140 919 3193 quc
933 3124 974 3178 alii
991 3122 1084 3189 etipse
1098 3119 1124 3178 io
1142 3117 1209 3171 Orn-

95 3219 134 3272 ll.
152 3233 174 3269 c.
190 3215 221 3283 6)
244 3215 332 3281 legunt
347 3203 517 3282 διαφθορὰν
531 3211 638 3282 (corruo
671 3212 741 3268 tione
755 3210 942 3276 πατραλοίαν,
959 3208 1001 3260 obi
1016 3207 1063 3260 sub
1079 3203 1155 3258 finem
1171 3202 1208 3280 [c.

93 3298 233 3374 plioocm)
258 3314 305 3369 pro
334 3296 487 3366 διαφοράν,
530 3299 638 3365 insuper
672 3296 701 3364 2]
722 3310 748 3366 p.
762 3293 796 3350 88
811 3295 898 3349 dicit:
923 3289 1071 3362 Ἀτάγοοτο
1098 3289 1138 3361 τῷ
1159 3285 1211 3342 ’Διῒ

98 3387 197 3440 caeteri
212 3386 269 3438 inde
283 3399 297 3437 n
312 3383 406 3438 Gnubio
422 3385 543 3452 (excepto
554 3383 637 3436 Bono·
671 3379 723 3436 τόν
737 3377 810 3435 nurci
826 3380 1008 3446 πατραλοιῶα
1028 3372 1130 3444 νόμον,
1152 3391 1209 3428 com
1314 3383 1316 3386 ·

95 3471 155 3538 nio)
179 3467 367 3538 παρατροπὴο
392 3464 636 3540 (deprecationem)
670 3468 746 3538 puolo
762 3470 821 3522 noto
838 3465 962 3522 dixisset:
989 3463 1061 3534 φασὶ
1083 3458 1133 3516 τὸν
1151 3459 1209 3514 Δία

95 3571 146 3626 pro
162 3553 328 3622 προτροπὴν
344 3553 532 3624 sedictionem,
550 3549 638 3606 moniti
672 3553 802 3618 δεομοῖςζ
821 3549 972 3618 καθεῖρξαι
1006 3544 1057 3604 odo
1088 3543 1207 3614 πατέρα.

97 3641 272 3695 aGotclerio:
293 3641 414 3692 omnum.
437 3639 529 3694 eccles.
552 3653 636 3705 graec.
671 3639 766 3692 Durius
788 3641 874 3690 tornes
891 3636 969 3690 molto
984 3634 1076 3688 dicitur
1097 3648 1208 3699 πατρο-

96 3728 171 3780 Τοαιι
184 3725 219 3778 ll.
237 3740 263 3794 p.
276 3721 337 3775 596.
370 3724 423 3778 Sed
437 3724 538 3789 rulgntn
561 3722 637 3776 lectio
672 3719 780 3792 φάττης
795 3737 869 3790 quom
880 3721 1061 3788 πατραλοίας.
1083 3717 1208 3772 lolteco-

95 3811 178 3883 probs
198 3815 254 3880 est,
274 3808 407 3864 dummodo
425 3809 502 3862 verta
520 3823 567 3876 per
583 3807 637 3860 iro·
671 3808 828 3875 gnitiooibus
846 3807 983 3860 Clementis
1001 3800 1124 3872 succede
1146 3815 1207 3868 par-

95 3898 167 3950 ninm
194 3895 293 3964 prolato
323 3897 429 3946 statues.
449 3917 484 3934 -
525 3891 636 3946 Ταῦτατ
671 3893 760 3948 nioidio
776 3891 927 3960 postuletur.
947 3888 1051 3940 Cautius
1059 3884 1206 3938 Lactantius
1237 3888 1238 3894 ’

95 3995 163 4051 quse
178 3979 209 4032 de
226 3979 274 4032 diis
288 3979 400 4032 fabuloso
421 3978 566 4030 comantur.
669 3977 764 4029 lostitt.
780 3974 829 4027 div.
848 3974 869 4024 l.
884 3989 906 4026 c.
922 3973 970 4024 10:
995 3968 1081 4039 „Quid
1095 3969 1207 4022 omnium

169 4067 210 4118 10.
225 4063 313 4118 καλὸν
326 4059 412 4127 εἶναι]
425 4055 635 4116 Fortasse-sicco
669 4063 758 4116 luorum
773 4063 846 4126 poten
862 4057 979 4124 iupiter,
994 4070 1078 4107 noune
1096 4053 1207 4121 aprime

94 4147 192 4206 καλόν.
229 4152 304 4204 Totos
325 4148 538 4217 transpositiones
558 4161 634 4214 saepe
669 4161 715 4198 suo
728 4133 836 4212 puerilis
852 4141 943 4209 impius
958 4155 1060 4208 ocpenc
1080 4135 1206 4206 pnrmcidn
1237 4135 1238 4138 ’

94 4237 258 4294 Ιίοτοοίοτιοα
271 4231 634 4306 1οοιιτίοοοτ1ρ1αοιοο1ο1οοα1.
670 4223 906 4300 ιὶττροιοίιοιαίἰῑατῖ*ι
927 4223 1116 4282 nordum-
1151 4222 1206 4278 Nc·
