2914 4774
234 263 296 312 xvr
585 233 972 308 ruonEGoMENn.

233 449 354 522 peram
375 425 575 518 occupavit,
611 426 771 496 eiecerim
793 423 963 516 aliamque
986 443 1092 513 quum
1113 423 1256 518 linguae
1272 433 1365 496 tum¹

234 551 408 645 scriptoris
431 550 574 643 ingenio
598 550 890 620 accommodatam
913 572 980 642 pro
1006 551 1081 620 ista·
1099 551 1347 621 substituerim.

232 679 345 748 Malui
372 677 533 767 equidem
561 677 598 744 in
618 678 662 746 ¹iis
688 675 859 746 numerari
886 675 946 764 qui
975 675 1112 746 criticae
1144 677 1348 747 moderatae

233 803 376 874 studiosi
392 813 491 892 sunt,
520 827 622 896 qnam
641 805 700 893 qui
720 803 934 872 temerariam
949 810 1195 872 consectantur.
1246 803 1354 889 Com·

233 930 361 1000 stetin
393 931 511 1000 critico
543 929 686 1021 negotio
712 928 904 1022 prudenter
928 932 1078 998 rationes
1103 927 1348 998 subducendas

233 1077 319 1143 csse,
349 1077 455 1144 quum
471 1056 655 1152 proclivius
681 1056 725 1125 sit
746 1054 941 1148 periculum
964 1053 1102 1124 errandi
1125 1063 1161 1122 et
1185 1054 1347 1124 umbram

232 1179 551 1272 comprehendendi
568 1203 634 1274 pro
650 1180 800 1250 veritate.
834 1180 877 1248 Id
895 1188 1009 1248 autem
1024 1179 1212 1272 praecipue
1227 1189 1347 1272 potest

231 1303 269 1373 in
288 1305 451 1398 operibus
474 1307 581 1375 nostri
598 1306 771 1399 scriptoris
787 1306 1005 1378 recensendis
1028 1305 1207 1388 accidere;
1230 1305 1348 1375 ‘lusti-

231 1453 296 1500 nus
318 1431 496 1518 uimirnm,
521 1431 632 1523 magis
654 1433 690 1498 in
711 1434 813 1502 rebus
832 1442 867 1501 et
887 1415 1060 1502 sententiis
1078 1453 1181 1522 quam
1198 1431 1235 1498 in
1256 1453 1347 1524 per-

231 1555 398 1650 polienda
414 1565 450 1624 et
466 1529 734 1648 conglutinandu
766 1559 920 1627 oratione
945 1557 1078 1628 delirus
1103 1566 1207 1646 atque
1236 1557 1346 1626 ardo-

231 1704 305 1752 rem
322 1684 425 1754 animi
441 1684 550 1776 magis
565 1705 669 1772 quam
690 1685 883 1754 subtiliores
903 1679 1053 1777 syntaxis
1076 1681 1174 1775 leges
1194 1691 1343 1771 secutus,

230 1809 432 1895 nonestis,
457 1809 553 1900 apud
579 1793 681 1899 quein
703 1834 791 1899 qnae
815 1811 920 1879 lectio
941 1809 1074 1902 optima
1100 1809 1144 1878 sit
1165 1831 1206 1876 ea
1228 1809 1344 1878 statim

230 1957 312 2003 vcra
336 1935 379 2003 sit
401 1934 642 2004 existimandae
669 1937 829 2025 quocirca
861 1959 964 2029 saepe
986 1934 1177 2004 verendum
1200 1957 1246 2002 ne
1264 1935 1342 2028 ipse

230 2060 267 2128 in
283 2059 386 2150 culpa
401 2059 453 2143 sit,
477 2073 548 2126 uon
564 2059 703 2129 librarii.
725 2047 737 2053 ⁰
757 2061 861 2144 Certe
879 2085 985 2152 quum
1004 2062 1040 2128 in
1056 2061 1243 2153 Apologiis
1266 2069 1342 2128 tum

230 2185 267 2253 in
292 2183 445 2276 Dialogo
470 2171 676 2276 plerumque
701 2187 807 2255 utitur
835 2209 992 2256 sermone
1016 2187 1107 2255 vitae
1132 2188 1341 2257 communis:

230 2309 402 2380 interdum
426 2309 517 2377 enim
543 2310 754 2380 desideratur
769 2313 903 2382 lucidus
924 2313 1166 2382 sententiarum
1189 2313 1279 2381 ordo
1305 2323 1342 2382 et

229 2437 412 2506 verborum
435 2434 598 2516 delectus.
613 2435 648 2506 et
665 2439 885 2531 periodorum
912 2448 1100 2525 structura,
1125 2439 1163 2506 id
1187 2439 1283 2529 qnod
1302 2441 1342 2508 iu

229 2563 424 2632 universum
454 2562 520 2629 iam
550 2563 697 2632 Photius
727 2564 911 2655 (Biblioth.
936 2565 1014 2633 cod.
1039 2555 1125 2634 125.
1149 2589 1184 2658 p.
1203 2563 1265 2633 et.
1281 2565 1338 2634 ed.

228 2689 398 2780 Beldrer.)
413 2690 526 2782 probe
544 2674 759 2759 observavit.⁴
791 2691 990 2783 Expulitior
1013 2692 1109 2760 stilus
1137 2691 1341 2783 deprehen-

229 2815 322 2886 ditur
335 2817 371 2886 in
392 2817 527 2909 scriptis
547 2816 666 2886 Iustini
687 2815 950 2906 addubitatis*).
986 2817 1212 2910 Praecipuam
1228 2837 1340 2910 porro

222 2943 512 3037 interpunctionis
536 2945 703 3012 rationem
727 2943 853 3024 habui3
880 2943 915 3009 in
939 2939 1133 3014 universum
1152 2945 1242 3012 enim
1264 2954 1341 3014 stu-

228 3069 288 3138 dui
304 3071 411 3139 rarius
435 3093 536 3159 quam
552 3068 660 3162 vulgo
684 3069 880 3138 factumest
898 3067 1134 3161 distinguendi
1150 3070 1249 3162 signa
1267 3093 1341 3162 po-

227 3217 320 3262 nere.
373 3193 479 3278 Qnod
498 3204 610 3262 autem
635 3195 679 3262 ad
703 3193 869 3261 sectiones
888 3195 1032 3287 (capita)
1051 3196 1188 3282 attinet,
1215 3195 1341 3266 Mara-

227 3317 343 3386 nia'nas
361 3318 509 3401 servavi3
534 3320 675 3411 iusuper
691 3317 810 3386 addidi
824 3319 861 3386 in
876 3321 1031 3411 margine
1047 3322 1252 3414 paginarum
1268 3345 1339 3392 nu-

227 3465 339 3512 meros
356 3467 396 3512 ac
412 3445 526 3513 literas
543 3445 675 3513 Β-Ι)
696 3443 854 3514 editionis
870 3445 1097 3516 Morcllianae
1124 3461 1215 3516 anno
1235 3445 1340 3540 loto

228 3568 389 3655 emissae,
425 3591 513 3659 quae
538 3571 575 3640 iu
597 3570 810 3641 usitatissima
829 3551 1029 3642 Coloniensi
1055 3593 1099 3642 ex
1123 3597 1196 3644 asse
1229 3597 1338 3669 repe-

225 3693 288 3764 tita
311 3694 440 3786 cst**).

293 3943 320 4012 ⁹)
340 3943 379 3996 ct.
403 3943 640 3998 commentationem
657 3951 756 3999 mermi
780 3943 819 3998 lic
836 3942 1001 4013 Epistulam
1018 3945 1173 4014 ltiognetum
1195 3947 1224 4002 S.
1243 3948 1338 4005 lustini

223 4025 372 4098 Philosophi
392 4033 419 4083 et
432 4029 555 4097 Martyris
576 4038 669 4082 nonen
681 4043 744 4097 prae
762 4043 791 4081 sc
813 4029 912 4082 terente
933 4028 1002 4098 (len.
1022 4028 1098 4082 1845.
1115 4029 1146 4100 8)
1165 4045 1192 4100 p.
1207 4031 1244 4086 49
1259 4049 1336 4106 sqq..

293 4136 335 4205 **)
353 4137 474 4191 Eiusdem
489 4136 606 4191 editionis
620 4137 725 4206 paginas
739 4134 873 4205 designant
886 4139 1029 4210 numerales
1044 4142 1130 4208 notae,
1151 4155 1215 4211 quae
1228 4143 1260 4198 ab
1277 4145 1336 4202 An-
1442 4155 1443 4193 r

171 4295 173 4300 Α
223 4218 296 4288 gliris
310 4217 449 4276 editorrlus
466 4221 587 4292 (excepto
603 4217 745 4291 trotiopio)
762 4217 793 4276 sd
809 4220 876 4276 latus
896 4223 1025 4292 appositae
1045 4228 1114 4279 suut.
