2900 4776
542 285 752 353 APOLOGIA
774 287 798 351 1.
918 289 920 292 ’
1174 287 1238 356 105

115 456 200 519 illud
216 471 289 518 esse
307 458 454 539 dicimus,
477 458 518 521 iis
532 461 586 538 qui
601 460 684 524 bona
700 461 822 540 eligunt
837 461 949 523 merita
968 461 1125 542 praemia,
1147 463 1180 523 et
1197 461 1238 523 iis

116 571 229 630 itidem
243 571 296 645 qui
305 571 465 631 contraria
479 570 601 649 eligunt
617 572 756 632 debitam
769 573 953 634 mercedem.
977 572 1088 651 Neque
1105 571 1186 662 enim
1200 573 1237 633 ut

117 681 258 759 caetera,
274 681 352 757 puta
365 681 499 742 arbores
513 683 547 741 et
563 682 794 761 quadrupedes,
813 700 894 760 qaae
909 683 988 743 nihil
1001 683 1115 744 iudicio
1129 684 1163 742 et
1176 694 1241 742 vo·

117 789 243 850 luntate
259 789 367 850 faeere
381 793 531 869 possunt,
553 792 631 852 deus
644 791 799 854 hominem
814 793 906 854 iecit:
927 809 999 853 nam
1019 809 1077 853 nec
1090 807 1238 852 remune-

117 900 245 960 ratione
260 901 314 959 aut
327 900 422 960 laude
438 901 551 978 dignus
566 900 660 980 soret,
683 902 712 962 si
726 919 784 963 sua
796 905 910 981 sponte
926 903 1041 964 benum
1055 919 1117 964 non
1134 903 1238 980 elige-

118 1011 190 1087 ret,
211 1025 321 1069 verum
341 1009 387 1070 ita
407 1011 499 1070 natus
517 1013 618 1090 esset,
638 1028 715 1090 nee,
740 1013 770 1073 si
789 1013 891 1074 malus
912 1014 1014 1091 esset,
1036 1012 1119 1074 iuste
1134 1027 1238 1090 poena

120 1119 321 1197 afficeretur,
353 1121 463 1198 utpote
487 1121 540 1196 qui
562 1137 624 1180 non
640 1138 698 1182 sua
721 1123 835 1199 sponte
859 1122 934 1182 talis
951 1125 1054 1202 essct,
1087 1123 1146 1182 sed
1159 1121 1239 1182 nihil

121 1231 211 1291 aliud
225 1231 336 1308 posset
350 1245 424 1289 esse
439 1233 660 1308 praeterquam
674 1231 716 1291 ad
729 1232 814 1308 quod
834 1235 926 1292 natus
946 1234 1042 1292 esset.

209 1341 260 1400 ii.
283 1340 397 1400 Docuit
412 1339 493 1400 hae'c
507 1357 565 1400 nos
581 1342 707 1402 sanctas
723 1341 929 1420 propheticus
945 1342 1086 1420 spiritus,
1112 1342 1166 1418 qui
1179 1357 1239 1420 per

122 1450 236 1513 dlosen
252 1452 389 1510 testatur
403 1449 521 1509 homini
534 1451 677 1527 primitus
693 1453 801 1512 creato
819 1452 910 1512 deum
925 1451 1005 1512 haec
1019 1452 1121 1512 verba
1136 1452 1239 1514 dixis·

124 1577 179 1621 se:
203 1555 293 1624 Eece
313 1556 349 1621 ia
368 1559 540 1644 conspecta
561 1559 617 1622 tao
633 1555 746 1620 bonam
762 1561 795 1624 et
813 1556 946 1636 malam,
970 1557 1053 1644 elige
1070 1557 1183 1623 bonam
1196 1595 1239 1608 -

124 1673 161 1732 ct
180 1688 292 1731 rursus
306 1688 366 1749 per
380 1670 522 1748 lesaiam‚
544 1669 639 1729 aliam
652 1669 850 1748 prophetam,
871 1671 1026 1746 tamqnam
1044 1687 1085 1731 ex
1100 1685 1239 1748 persona

126 1781 271 1860 parentis
295 1781 514 1841 universorum
536 1782 569 1840 et
586 1779 701 1842 domini
723 1780 775 1840 dei
789 1781 823 1840 in
838 1781 977 1841 eamdem
993 1781 1178 1840 sententiam
1193 1779 1240 1841 sic

126 1891 244 1951 dictam
261 1907 350 1950 esse:
378 1885 564 1964 Laternioi,
587 1886 699 1951 mandi
714 1889 834 1965 estate,
853 1885 982 1975 caserta
999 1885 1182 1974 pravitates
1199 1907 1240 1952 ex

127 1997 394 2075 animisnostris,
415 1995 533 2062 discite
556 1995 668 2062 bonam
682 1994 816 2085 facere,
838 1995 983 2062 iudicate
1001 1995 1128 2084 papilla
1146 2000 1177 2064 et
1190 1995 1241 2062 ia·

126 2105 276 2195 stificate
299 2107 448 2187 viduam,
474 2110 506 2173 et
526 2107 631 2172 venite
655 2110 689 2172 et
708 2104 940 2192 disceptemus,
971 2105 1054 2172 dicit
1076 2105 1240 2182 dominatos

128 2223 162 2285 et
180 2219 211 2283 si
221 2215 353 2306 suerint
373 2219 510 2305 peccata
526 2220 635 2282 cestra
654 2220 691 2282 at
712 2216 936 2304 phoeniceam,
956 2219 1118 2302 tamqnam
1133 2215 1242 2281 tanam

129 2326 304 2406 dealbabo,
326 2330 357 2392 et
381 2326 412 2391 si
424 2322 557 2416 suerint
578 2330 615 2393 at
638 2327 816 2403 coccinum,
839 2331 1000 2414 tamqnam
1022 2326 1123 2393 aivam
1147 2324 1242 2391 deal-

129 2436 220 2503 babo.
261 2435 311 2503 Et
328 2436 359 2502 si
373 2435 540 2504 colueritis
556 2441 588 2504 et
601 2437 773 2528 audieritis
785 2459 853 2516 me,
875 2425 955 2503 bona
971 2441 1081 2503 terrae
1097 2433 1243 2502 comede-

130 2547 196 2626 tis,
217 2546 267 2611 sia
283 2569 357 2612 aero
379 2568 443 2612 aaa
464 2547 639 2614 audieritis
661 2570 728 2626 me,
756 2547 889 2633 gladius
911 2569 967 2612 cos
989 2531 1157 2612 decorabit
1163 2565 1175 2619 3
1206 2565 1243 2610 as

131 2657 214 2722 caim
234 2655 355 2722 domiai
367 2656 448 2722 haee
471 2658 609 2724 locatam
628 2662 684 2726 est.
730 2661 819 2734 Quod
836 2663 940 2722 autem
961 2661 1076 2720 dictum
1095 2663 1146 2717 est
1163 2652 1243 2719 ata-

133 2765 209 2832 dias
221 2765 374 2850 depraecet
387 2789 442 2832 cos
457 2787 520 2830 non
534 2771 615 2832 hanc
629 2772 814 2834 sententiam
829 2769 927 2830 habet
940 2771 974 2830 nt
988 2769 1095 2846 gladio
1111 2766 1243 2828 necandi

131 2882 195 2942 sint
217 2882 270 2957 qui
291 2897 354 2941 non
373 2861 552 2960 paruerint,
581 2882 639 2942 sed
656 2881 783 2959 gladius
802 2880 854 2941 dei
869 2881 920 2940 est
938 2879 1040 2956 ignis,
1066 2878 1153 2937 enias
1168 2893 1244 2937 esca

131 2989 210 3050 fiunt
232 2990 285 3068 qni
306 2990 389 3052 mala
417 2993 547 3070 patrare
568 2991 600 3050 in
626 2991 759 3050 animum
780 2990 937 3050 inducant.
980 2987 1159 3065 Propterea
1181 2984 1243 3046 ait:

135 3093 280 3176 Gladios
303 3095 458 3183 depascet
478 3119 533 3162 eos
540 3118 552 3172 3
573 3119 608 3162 os
629 3098 712 3164 enim
732 3094 854 3162 domiai
869 3094 1006 3160 locatam
1022 3097 1080 3160 est.
1125 3094 1244 3166 Quodsi

133 3209 174 3270 de
194 3210 322 3270 secante
341 3211 375 3269 et
393 3209 559 3271 confestim
574 3212 749 3272 dimittente
765 3208 871 3291 gladio
888 3209 1086 3285 loqueretur,
1109 3223 1172 3300 non
1192 3205 1244 3266 di-

132 3321 223 3379 ceret
238 3315 415 3404 Depascet.
458 3321 658 3399 Quapropter
682 3321 766 3398 qaod
790 3320 834 3379 ait
854 3319 966 3379 Plato:
993 3312 1100 3402 Calpo
1125 3313 1245 3400 elegea·

133 3425 197 3504 tis,
220 3424 301 3494 deas
323 3429 429 3492 autem
449 3430 546 3492 extra
568 3427 750 3512 culpam-<-
765 3447 785 3491 a
798 3429 887 3490 Mose
912 3428 1071 3506 propheta
1086 3429 1244 3489 mutuatus

133 3539 223 3600 dixit.
253 3540 422 3618 Antiquior
438 3541 519 3602 enim
532 3541 638 3602 Moses
652 3541 703 3601 est
719 3540 813 3601 ctiam
826 3538 967 3624 omnibus
984 3536 1148 3600 Graiorum
1163 3537 1245 3604 scri·

133 3744 212 3799 lessi.
233 3744 258 3814 1,
278 3745 402 3803 16-20.
707 3747 813 3818 Repetit
829 3746 946 3800 Clemens
963 3745 1039 3801 Alex.
1059 3745 1154 3799 strom.
1170 3743 1200 3797 V.
1221 3759 1244 3800 c.

205 3827 232 3885 4.
254 3829 392 3899 placarat]
407 3830 504 3889 Thirlb.
519 3833 672 3903 navultps-
709 3833 752 3888 14.
777 3831 871 3898 §.187
892 3823 984 3900 (Opp.⁴
999 3830 1039 3886 ed.
1063 3830 1149 3884 Klotz.
1171 3829 1244 3883 Toni.

134 3912 282 3984 φήσονται.
301 3915 391 3971 Lectio
403 3917 674 3988 vulgarishaudsper-
708 3918 760 3985 ΠΙ)
776 3931 803 3985 p.
820 3916 865 3970 92.
899 3916 1013 3982 Uterque
1035 3912 1129 3966 omittit
1143 3904 1178 3964 δ’.
1204 3911 1244 3967 ol.

134 3999 231 4056 nenda.
708 3997 932 4056 Pseudo-lustini
942 3997 1046 4063 Quaest.
1063 3998 1089 4047 et
1100 3995 1197 4062 Respp.
1215 3993 1247 4047 ad

205 4085 232 4140 5.
251 4081 532 4152 Αἰτία...ιῖναίτιιις]
551 4085 590 4141 Gi.
607 4086 673 4140 Plet.
711 4083 819 4139 Orthod.
833 4083 868 4136 8:
897 4078 958 4136 ode
973 4074 1031 4148 ἄρα
1048 4072 1063 4135 ὁ
1078 4076 1150 4141 θεός
1169 4074 1246 4134 ἐστιν

129 4171 168 4224 de
184 4171 283 4240 republ.
300 4171 332 4226 X.
353 4186 378 4240 p.
393 4169 455 4227 617.
474 4171 506 4226 n.
525 4170 565 4225 ed.
583 4171 674 4238 Steph.
710 4167 804 4230 alaeue
822 4167 875 4222 aad
894 4162 969 4222 εἶναι
989 4160 1065 4236 ἡμᾶς
1082 4155 1246 4234 cipedoieip‘

134 4253 220 4323 (Opp.
245 4254 286 4313 ed.
309 4256 368 4327 Bip.
391 4253 447 4314 iol.
471 4257 526 4312 Vll.
551 4271 577 4325 p.
599 4252 674 4324 880).
710 4249 827 4321 κακούς,
847 4247 935 4324 ἀλλ’ἢ
952 4249 1123 4322 προαίρεσις.
