2910 4774
552 263 760 326 APOLOGIA
780 264 818 328 11.
1175 260 1237 328 187

126 453 196 497 nom
213 437 367 512 reliquum
388 433 464 495 fecit
485 439 616 514 praeter
631 428 723 499 unum
738 457 807 499 cum
829 438 894 499 snis
913 437 997 516 apud
1015 453 1073 496 nos
1093 438 1264 496 vocatum

125 547 304 623 Noeehnm,
325 548 410 624 opud
425 565 485 606 vos
505 547 744 626 Deucalionem,
767 565 883 624 exque
904 565 1014 608 rursus
1033 549 1120 606 tanta
1135 545 1238 606 homi-

122 675 198 718 nnm
216 659 382 718 multitudo
396 661 575 736 propagata
591 663 641 718 est
650 705 657 738 ‚
680 661 794 737 partim
806 659 1027 737 improborum,
1048 657 1163 734 partim
1177 657 1239 716 bo·

125 785 246 830 norum.
290 767 342 826 Sic
367 769 448 826 enim
470 785 528 828 nos
553 769 828 847 conflagrationem
850 768 979 830 dicimus
1002 767 1138 826 futuram
1156 782 1238 840 esso,

128 879 186 938 sed
202 895 291 955 non,.
302 881 337 938 ut
355 879 470 956 Stoici,
494 881 663 940 secondum
678 881 810 940 omnium
825 897 930 940 rernm
945 881 1071 938 mutuae
1087 878 1117 936 in
1134 864 1168 935 se
1188 876 1238 934 in-

127 989 229 1048 vicem
246 989 462 1048 conversionis
479 991 648 1066 rationem,
671 993 755 1066 quod
771 991 981 1067 turpissimum
999 1004 1070 1048 csse
1086 987 1236 1063 apparet:

115 1099 186 1159 -sed
203 1115 304 1174 nequo
324 1099 391 1158 sato
413 1099 545 1159 dicimus
567 1101 709 1160 homines
733 1117 829 1177 agere
847 1103 901 1160 aut
918 1117 955 1159 ea
974 1115 1054 1175 quae
1071 1097 1147 1156 finnt
1155 1095 1238 1172 pati,

127 1210 187 1270 sod
204 1209 306 1268 libero
323 1225 475 1284 quemque
490 1210 622 1270 arbitrio
640 1203 805 1288 praeclare
828 1227 924 1287 egero
940 1212 994 1269 ant
1016 1223 1166 1285 peccare,
1187 1206 1238 1264 at·

128 1337 189 1396 que
207 1321 306 1383 bonos
323 1319 475 1379 malornm
499 1321 680 1382 daemonum
695 1323 899 1398 operatione,
921 1320 1010 1380 velut
1028 1317 1189 1377 Socratem
1206 1316 1239 1374 et

126 1431 210 1490 alios
228 1431 357 1506 similes,
378 1431 490 1490 vexari
505 1433 538 1490 et
554 1433 586 1490 in
602 1432 736 1490 vinculis
753 1448 835 1508 esse,
848 1429 1095 1505 Sardanapalum
1113 1441 1191 1484 vero
1206 1427 1239 1484 et

127 1539 298 1619 Epicurum
315 1543 348 1600 et
361 1541 441 1600 alios
458 1541 576 1600 similes
591 1543 622 1600 in
638 1543 730 1618 copia
745 1559 850 1602 rerum
870 1541 1002 1600 omnium
1019 1541 1052 1596 et
1068 1536 1238 1613 splendore

128 1653 241 1711 beatos
257 1652 369 1711 videri.
401 1653 490 1721 Quod
507 1669 599 1728 quum
613 1651 712 1712 Stoici
727 1669 788 1712 non
805 1651 1035 1726 intelligerent,¹
1052 1647 1109 1706 fati
1125 1662 1238 1705 neces·-

128 1763 225 1822 sitato
244 1765 346 1822 ornnia'
368 1763 437 1822 fieri
458 1764 677 1822 decreverunt.
717 1763 866 1831 Quoniam
880 1763 982 1820 antem
998 1759 1075 1818 dens
1092 1755 1131 1815 ab
1148 1755 1237 1814 initio

128 1871 262 1932 liborum
280 1873 463 1950 angelornm
480 1875 512 1932 et
527 1873 683 1932 hominnm
702 1889 800 1950 genus
819 1871 954 1946 creavit,
974 1869 1086 1927 merito
1104 1883 1163 1944 pro
1180 1865 1239 1924 de·

128 1983 214 2042 lictis
227 1984 292 2043 suis
309 1984 495 2060 supplicium
510 1984 542 2042 in
558 1985 687 2042 aeterno
703 1984 774 2060 igne
790 1982 1007 2059 reportabunt.
1031 1977 1163 2037 Creatao
1180 1992 1239 2034 au-

129 2095 193 2152 tem
206 2094 373 2153 cuiuslibet
385 2095 432 2153 rei
448 2095 527 2154 haec
543 2098 654 2153 notura
669 2097 728 2172 est,
743 2095 778 2154 nt
793 2093 863 2152 vitii
878 2094 911 2151 et
926 2090 1053 2151 virtutis
1069 2089 1110 2148 sit
1121 2101 1239 2162 στρατη

127 2221 191 2294 ¹non
208 2205 289 2262 enim
311 2205 476 2280 quidquam
498 2222 607 2265 eornm
624 2222 704 2280 quae
724 2206 832 2264 creata
849 2206 921 2263 snnt
935 2203 1029 2261 lande
1045 2200 1171 2276 dignum
1186 2211 1241 2254 os-

61 2351 65 2360 ·
130 2317 199 2392 set,
223 2315 285 2372 nisi
309 2315 340 2372 in
362 2317 663 2392 utramquepartem
680 2333 715 2375 se
735 2315 880 2374 vertendi
897 2312 1077 2372 facultatem
1097 2307 1241 2367 haberet.

129 2424 303 2484 Declarant
325 2425 357 2483 id
383 2394 511 2500 quodue·
530 2425 689 2502 homines,
711 2425 811 2500 quiin
829 2424 969 2500 qnalibet
984 2421 1114 2498 regione
1131 2418 1172 2478 ad
1187 2433 1243 2476 re-

130 2537 212 2594 ctam
229 2535 383 2593 rationem
405 2536 495 2611 leges
512 2535 614 2594 tulero
631 2538 684 2595 ant
698 2535 916 2614 philosophati
934 2535 1022 2609 sunt,
1049 2549 1089 2590 ex
1104 2545 1142 2588 eo
1160 2525 1243 2603 quod

128 2643 351 2722 praescribant
376 2645 439 2705 elia
459 2645 555 2726 fierit
570 2645 633 2704 alia
656 2646 761 2704 vitari.
806 2645 884 2714 Quin
908 2644 1001 2702 etiam
1017 2641 1115 2700 Stoici
1134 2637 1243 2714 philo-

130 2755 225 2832 sophi
243 2755 274 2813 in
300 2755 574 2832 disputationc'de
593 2755 732 2814 moribus
761 2755 870 2813 eadem
893 2753 1074 2812 constanter
1097 2748 1244 2828 probant,

129 2867 167 2926 ut
191 2865 349 2942 potentin
371 2866 594 2943 principiorum
620 2868 651 2924 et
670 2883 775 2924 rernm
790 2864 1047 2939 incorporearum
1064 2861 1244 2935 pertracta-

130 2976 217 3035 tione
234 2991 296 3033 non
313 2977 432 3034 rectam
448 2992 503 3034 eos
526 2977 608 3035 viem
626 2977 784 3035 insistere.
828 2973 905 3032 Nam
923 2972 950 3031 si
967 2971 1033 3030 fato
1054 2969 1124 3030 fieri
1140 2966 1245 3026 dicent

130 3101 213 3163 qnae
235 3086 274 3145 ab
294 3084 473 3145 honrinibns
493 3087 585 3164 fiunt,
617 3087 671 3146 vel
693 3087 784 3147 deum
805 3084 885 3144 nihil
908 3082 994 3144 aliud
1017 3097 1088 3142 esse
1105 3076 1245 3138 statuent

131 3296 248 3350 Kimmet
263 3293 294 3364 (1.
311 3293 357 3360 ο).
376 3323 411 3332 -
441 3293 543 3347 dehoc
564 3295 667 3348 Stoico-
754 3292 797 3369 ,5.
817 3293 844 3350 εἰ
861 3289 912 3348 σόν.
930 3284 978 3355 όν]
1009 3292 1050 3345 Ita
1073 3305 1131 3343 cum
1150 3283 1245 3340 Goczio

130 3399 188 3436 rum
207 3379 476 3448 dogmatoHntclrinns
495 3381 556 3434 hoec
570 3381 668 3433 Iustino
703 3381 796 3435 scribo.
813 3375 961 3434 ‘Thiribics
994 3378 1048 3432 nult
1073 3375 1100 3429 τί
1124 3369 1175 3426 σόν
1197 3366 1247 3428 καὶ

131 3481 244 3532 congrua
265 3483 297 3518 en
310 3464 424 3517 Philonis
440 3464 504 3516 libro
520 3463 550 3516 do
577 3463 669 3516 mundo
706 3465 764 3535 (cut
778 3465 804 3519 εἰ
820 3461 872 3519 crin
888 3458 933 3532 όν)
949 3459 988 3519 ἐπ’
1005 3459 1077 3532 cipp.
1090 3459 1168 3528 τρέον.
1182 3451 1246 3511 δόν.

132 3551 223 3604 effert:
249 3549 284 3604 Oi
313 3547 344 3604 δὲ
369 3547 492 3602 Στωϊκοὶ
523 3543 669 3614 (φήσουσι)
707 3545 769 3618 εἶχε.
797 3551 877 3618 Vulgo
895 3541 1093 3617 εἰσόκῆνένό
1112 3542 1247 3598 etc...Si-

130 3635 239 3702 κόσμον
250 3633 308 3700 ἕνα,
317 3634 446 3702 γενέσεως
461 3631 486 3687 δ’
498 3630 588 3686 cuceri
598 3629 672 3687 θοόν
707 3637 773 3689 milis
783 3637 896 3688 contusio
911 3651 998 3688 vocum
1012 3627 1048 3687 όῖν
1063 3639 1089 3686 et
1102 3622 1138 3702 ἦν
1152 3631 1245 3698 depre-

131 3723 361 3792 disiunctioque
377 3717 407 3776 δὲ
417 3719 515 3790 μηκέτι
530 3717 610 3778 θεόν,
628 3711 672 3770 ἄλ·
708 3721 828 3773 henditnr
846 3737 868 3774 c.
888 3722 928 3774 12,
945 3735 970 3788 p.
986 3720 1029 3773 51.
1047 3719 1080 3772 Α.

131 3805 167 3862 tot
197 3806 248 3876 τὴν
272 3804 457 3876 ὑπάρχουσαν
483 3802 512 3858 ἐν
532 3807 593 3865 τοῖς
611 3792 674 3856 οὖσι
699 3799 703 3806 ’
764 3803 789 3858 6.
806 3797 1247 3867 ecidr]lteGoeziusrecte(Thirl·

129 3895 222 3962 πυρός
242 3890 393 3962 όκαμότον
408 3890 545 3959 δύναμιν,
564 3887 673 3959 χρόνων
708 3891 743 3942 bii
756 3890 934 3942 'coniecturum
957 3887 1073 3955 secutos)
1100 3885 1177 3938 edidit
1201 3895 1249 3952 pre

132 3985 256 4049 μακραῖς
278 3980 424 4048 περιόδοις
442 3973 623 4032 ἅναλόσνσαν
638 3971 675 4028 τό
710 3977 777 4052 vulg.
797 3972 873 4029 τόδε.

131 4063 229 4120 πόντοι
245 4067 285 4130 εἰς
300 4063 423 4135 ἑαυτήν,
443 4062 471 4130 ἐξ
488 4055 523 4134 ἧς
536 4059 622 4116 πόλιν
636 4051 674 4114 αὖ
778 4061 803 4115 7.
824 4053 942 4128 dundee
956 4058 1017 4126 etc]
1032 4058 1126 4112 Locum
1144 4069 1195 4108 non
1209 4053 1251 4106 in·

131 4147 319 4224 οἲνσιγέννησιν
334 4150 443 4220 κόσμον
460 4152 592 4206 ἵστασθαι
606 4164 673 4216 προ·
709 4149 827 4214 tciligens
843 4147 896 4200 vult
915 4145 1119 4210 Ttrelemnnnus,
1142 4141 1164 4194 si
1181 4141 1251 4192 recte

131 4237 239 4310 μηθτίᾳ
255 4239 307 4293 τοῦ
324 4239 462 4308 τεχνίτου.
710 4233 799 4304 video„
818 4232 900 4304 ‚verbo
923 4223 941 4302 ἢ
961 4224 1049 4300 μηδὲν
1061 4267 1067 4282 .
1113 4219 1186 4284 αὐτοὶ
1207 4219 1252 4280 οἱοὶ
