2914 4774
513 241 903 318 rnouuuoafflna.
1215 269 1268 318 ·ι.ι
1289 229 1305 354 ⁵·

150 435 222 504 iam
251 433 521 504 demonstratum
548 442 640 520 erat,
678 444 808 527 nempe
844 433 959 504 lesum
987 455 1060 504 ease
1091 433 1268 506 Christum

151 561 203 650 (c.
221 557 310 648 46);
333 557 509 630 obiicienti
524 581 608 630 rero
625 559 780 628 nondum
795 558 973 630 advenisse
992 560 1107 630 Eiiaan
1122 583 1268 655 respen-

151 687 217 756 siet
236 685 401 756 loannem
424 707 497 756 esse
521 685 626 778 primi
647 685 824 756 advenam·
837 707 1099 778 praecursorem
1117 680 1169 770 (c.
1185 685 1268 779 46),

151 811 260 902 idque
279 835 323 882 er
343 813 451 882 lesaia
473 813 653 882 coufirmat
676 798 727 888 (c.
744 808 794 880 5⁰
810 803 894 901 sq),
918 821 953 880 et
973 811 1017 880 ab
1042 813 1120 906 ipso
1137 813 1268 882 Iacobo

152 937 242 1008 dnos
256 937 420 1008 adsensus
436 937 633 1032 praedictos
650 935 756 1006 fuisse
770 937 920 1008 ostendit
935 935 1154 1028 (c.52eqq.).
1174 938 1269 1008 Tum

152 1073 301 1157 rogante
328 1063 526 1158 Tryphone
541 1086 587 1134 ne
611 1060 657 1132 asi
679 1063 896 1156 probandam
912 1063 1041 1136 Christi
1058 1064 1270 1134 divinitatem

152 1189 318 1265 adhibeat
338 1189 400 1260 illa
423 1191 635 1277 testimonia,
659 1191 697 1260 in
717 1189 841 1280 quibus
856 1190 914 1260 dei
933 1213 1059 1262 nomen
1081 1190 1269 1284 metapho-

151 1317 225 1388 rice
254 1325 458 1410 usurpetur,
493 1317 663 1411 promittit
685 1316 833 1387 lustinus
858 1341 895 1388 se
919 1315 1088 1388 eiusmodi
1112 1318 1271 1388 testimo·

151 1444 217 1516 niis
242 1466 314 1514 non
332 1465 479 1516 ‘usurum
508 1444 555 1534 (c.
571 1437 661 1528 55);
686 1443 814 1535 probat
834 1442 959 1533 deum,
987 1445 1047 1535 qui
1067 1443 1268 1514 Abrahamo

152 1579 190 1640 et
213 1569 341 1640 lucoim
366 1577 401 1638 ct
425 1567 520 1640 Mori
553 1568 769 1662 apparuerit,
798 1592 828 1638 a
854 1567 924 1638 deo
948 1579 1048 1662 patre
1072 1569 1271 1638 distinctum

152 1719 228 1768 esse
247 1688 297 1779 (c.
318 1691 370 1764 56
385 1691 502 1784 σφι),
529 1703 565 1764 et
589 1692 738 1766 iudaicae
764 1692 811 1762 de
834 1715 878 1764 eo
901 1695 961 1784 qai
985 1695 1022 1764 iu
1042 1695 1132 1762 rubo
1157 1718 1271 1788 appa-
1344 1699 1350 1706 '

153 1822 229 1895 ruit¹
236 1822 421 1916 opiniones
439 1819 568 1890 refellit
587 1816 637 1907 (c.
652 1811 746 1906 oo),
775 1828 811 1890 et
825 1820 955 1912 Logon
971 1844 991 1890 a
1007 1819 1076 1890 deo
1092 1827 1131 1888 ut
1149 1820 1269 1912 ignem

154 1971 198 2020 en
222 1947 305 2041 igue
334 1947 492 2040 genitum
517 1946 729 2019 demonstrat
751 1967 944 2040 provocans
967 1945 1013 2016 ud
1035 1947 1139 2016 Prov.
1163 1944 1200 2034 8,
1218 1944 1268 2016 ²1

153 2073 265 2146 -36
284 2067 335 2158 (c.
350 2069 421 2156 61)
440 2072 536 2144 etad
553 2073 644 2144 Gen.
662 2071 697 2160 1,
718 2070 888 2142 26-28
914 2062 964 2154 (ο.
980 2067 1062 2165 62).

257 2199 323 2272 His
352 2199 563 2292 argumentis
584 2198 713 2270 cedens
732 2199 879 2270 iudaeae
905 2207 1009 2292 rogat
1033 2206 1073 2268 ut
1099 2197 1202 2270 etiam
1223 2197 1270 2268 sie

154 2327 222 2400 flii
243 2325 307 2396 dei
326 2326 579 2414 incarnatione,
604 2325 784 2419 passione,
805 2326 1055 2398 resurrectione
1076 2335 1112 2396 et
1133 2326 1169 2396 in
1187 2348 1270 2396 coc-

154 2455 230 2526 tum
246 2452 469 2530 adscensione
486 2462 648 2546 exponat.

258 2579 379 2670 ltaque
401 2578 549 2650 lustinus
573 2579 681 2650 multa
709 2580 835 2650 veteris
850 2577 1196 2671 testamenti'proiert
1215 2585 1271 2646 te·

154 2705 334 2792 stimonia,
367 2705 491 2796 quibus
509 2705 665 2778 Christus
690 2717 729 2778 ut
752 2705 839 2778 deus
869 2705 1034 2776 ethome
1060 2704 1218 2774 laudetur
1235 2711 1272 2772 et

156 2833 339 2927 gentilium
355 2831 533 2906 conversio
548 2829 766 2924 praedicatur
783 2824 833 2915 (c.
850 2823 934 2915 63).
972 2831 1153 2900 comentit
1173 2828 1271 2920 Try-

155 2959 231 3053 pho
247 2958 423 3032 Christum
440 2958 623 3050 gentilium
647 2981 721 3028 esse
737 2957 858 3044 deum,
882 2965 918 3026 at
941 2977 984 3026 eo
1001 2963 1108 3048 negat
1123 2953 1271 3022 ludaeos

155 3085 336 3180 indigeam
361 3084 506 3176 castigat
523 3106 610 3177 ergo
628 3084 776 3156 lucunas
792 3083 883 3154 hanc
900 3081 1115 3173 impietatem
1135 3089 1171 3148 et
1184 3099 1270 3172 pro-

154 3211 310 3302 sequitur
337 3219 529 3305 susceptam
551 3210 597 3280 de
626 3209 863 3310 deo-‘homine
886 3209 981 3278 facto
1003 3206 1271 3278 demonstratio·

155 3361 236 3409 nem
256 3332 304 3419 (c.
320 3328 402 3420 ot).
454 3333 585 3406 Obiicit
600 3334 754 3430 Trypho
770 3335 876 3406 deuna
891 3334 991 3406 alteri
1009 3334 1271 3428 gloriamsuarn

155 3485 228 3537 non
258 3461 363 3545 dnre;
398 3462 516 3532 locum
547 3462 655 3555 igitur
677 3462 775 3532 lessi.
797 3460 859 3546 4²,
883 3459 909 3532 8
933 3461 1084 3554 explicat
1110 3460 1269 3546 Iustinus,

156 3588 285 3661 deinde
301 3589 407 3660 refert
427 3588 578 3661 eiusdem
594 3587 791 3681 prophetae
809 3588 943 3658 locum:
965 3585 1051 3657 Ἰδοὺ
1067 3589 1086 3675 ι)
1101 3589 1268 3676 παρθένος

156 3725 222 3784 etc.
246 3711 297 3804 (c.
314 3711 398 3802 05).
447 3714 521 3786 sed
545 3736 651 3804 quum
666 3714 775 3784 multa
800 3713 846 3784 de
866 3713 932 3785 hae
950 3711 1138 3806 prophetia
1155 3711 1270 3780 dicere

156 3849 298 3934 pararet
312 3833 363 3926 (c.
380 3835 462 3929 66),
486 3840 710 3934 interpellans
725 3839 878 3932 Trypho
897 3839 1034 3908 obiicit:
1062 3837 1115 3904 1⁰.
1130 3836 1271 3906 Iesaiam

155 3989 229 4036 non
258 3965 397 4038 diceres
428 3963 515 4038 'leat
537 3965 767 4057 irrupimus,
800 3971 876 4032 aed:
909 3961 1036 4048 Ἰδοὺ.)
1059 3966 1186 4040 usiam
1215 3965 1270 4034 2⁰.

156 4091 250 4162 hanc
276 4115 322 4162 ex
348 4093 482 4188 virgin
506 4093 765 4187 generationem
787 4091 925 4164 fabulae
945 4087 1065 4159 Persei
1088 4109 1159 4160 non
1177 4089 1271 4160 abai-

154 4217 276 4296 milem
302 4242 396 4302 esse3
430 4219 480 4290 ³⁰.
499 4220 600 4292 satim
617 4219 721 4292 taiaae
737 4219 848 4288 lesum
870 4215 1048 4286 hominem
1063 4237 1105 4286 ex
1120 4215 1271 4288 homiui-

1044 4339 1066 4401 ἁ
1076 4337 1097 4378 ὖ
