2910 4774
545 233 753 298 nemnem
773 233 811 296 11.
1173 229 1237 300 193

214 407 264 466 10.
283 403 399 482 Liquet
421 420 499 483 crgo
521 421 575 466 res
595 407 723 466 nostras
746 421 818 466 esse
843 405 926 465 omni
942 402 1077 466 humana
1092 403 1235 466 doctrina

124 513 344 592 sublimiores,
374 515 447 592 quia
469 515 555 576 totus
577 515 670 592 logos
692 516 817 575 exstitit
840 513 1002 594 Christus,
1030 515 1083 592 qui
1102 520 1236 594 propter

124 640 185 684 nos
203 625 368 702 apparuit,
390 641 501 704 nempe
524 641 639 702 corpus
655 628 689 686 et
712 625 804 703 logos
822 627 855 684 et
872 626 983 686 anima.
1027 625 1236 702 Quaecunque

126 735 209 796 enim
231 734 397 812 praeclare
420 751 553 811 unquam
576 736 723 796 dixerunt
743 736 797 796 aut
812 736 1073 812 excogitaverunt
1090 735 1236 812 philoso-

126 843 184 922 phi
204 847 258 924 aut
277 845 383 922 logum
400 845 538 922 latores,
560 844 638 906 haec
662 845 790 906 invento
806 847 838 904 ct
854 833 1059 904 'considerato
1075 846 1181 920 aliqua
1195 862 1237 904 ex

126 955 220 1031 parte
238 955 313 1031 logo
340 955 595 1015 elaboraverunt.
639 955 718 1024 Quia
738 957 841 1014 autem
859 971 922 1014 non
942 955 1044 1014 omnia
1066 955 1238 1030 quaesunt

126 1062 196 1142 logi
219 1065 451 1139 cognoverunt,
480 1066 534 1140 qui
560 1065 610 1123 cst
630 1063 791 1142 Christus,
813 1064 908 1124 etiam
923 1079 1020 1140 saepe
1035 1080 1141 1124 secum
1156 1065 1237 1141 ipsis

127 1173 301 1250 pugnantia
314 1173 470 1233 dixerunt.
511 1171 554 1232 Et
573 1174 626 1249 qui
646 1175 719 1232 ante
742 1172 900 1232 Christum
918 1174 1108 1234 exstiterunt
1123 1189 1238 1234 secun·

128 1282 201 1341 dum
222 1281 386 1341 humanam
410 1283 569 1359 naturam,
601 1283 725 1342 ratione
742 1299 796 1342 res
818 1283 1013 1359 investigare
1032 1285 1066 1342 et
1085 1283 1238 1343 refellere

129 1392 291 1470 aggressi,
312 1373 468 1468 tamquam
492 1393 578 1470 impii
598 1394 630 1452 et
655 1393 772 1452 curiosi
788 1393 820 1451 in
841 1392 986 1452 iudicium
1007 1392 1135 1453 abducti
1157 1395 1237 1453 sunt.

129 1500 267 1570 Quorum
291 1503 422 1562 omnium
445 1502 638 1561 firmissimus
660 1501 721 1562 hac
741 1503 773 1560 in
795 1517 831 1560 re
857 1499 1005 1560 Socrates
1023 1503 1055 1560 in
1075 1503 1185 1562 eadem
1202 1519 1240 1563 ac

128 1626 187 1670 nos
202 1611 331 1672 crimina
345 1613 476 1672 vocatus
491 1615 542 1671 est
551 1631 558 1688 3
576 1613 690 1671 etenim
705 1611 852 1670 dixerunt
866 1627 947 1670 accc
964 1605 1004 1670 ab
1017 1629 1053 1672 eo
1070 1606 1240 1672 doemonio

128 1713 260 1794 induci,
294 1721 328 1782 et
351 1739 428 1803 quoe
451 1719 565 1784 civitas
586 1717 732 1804 agnoscit
749 1716 827 1782 deos
843 1715 884 1780 ab
903 1737 939 1782 eo
961 1737 1023 1780 oon
1048 1715 1239 1781 eaa'stimcre‘.

128 1829 235 1906 Atque
249 1829 302 1890 hic
315 1833 449 1908 quidem,
471 1848 566 1907 quum
578 1835 610 1890 et
623 1831 790 1890 Homerum
805 1832 837 1889 et
854 1832 997 1890 caeteros
1011 1829 1123 1906 poetas
1141 1829 1239 1888 eiice-

129 1943 181 2001 ret
203 1957 221 2000 e
245 1941 390 2019 civitate,
417 1943 527 2001 auctor
554 1941 730 2000 hominibus
753 1940 823 1999 erat
845 1941 881 2000 ut
903 1940 1089 2015 daemones,
1120 1937 1239 2014 quippe

129 2050 231 2110 malos
255 2066 356 2126 eaque
378 2052 603 2129 perpetrantes
626 2067 706 2126 quae
729 2051 844 2127 poetae
867 2049 1078 2126 scripserunt,
1106 2062 1240 2106 aversa-

130 2162 257 2254 rentur,
284 2161 375 2220 deum
390 2178 468 2221 vero
485 2161 524 2222 iis
540 2161 680 2238 ignotum
695 2161 730 2220 ut
756 2160 889 2220 rationis
906 2158 1106 2235 inquisitione
1121 2172 1240 2234 cogno-

131 2271 257 2330 scerent
272 2270 477 2348 hortabatur,
500 2271 621 2331 dicens:
645 2265 814 2332 Potentem
831 2269 938 2338 cutem
953 2268 987 2331 et
1004 2259 1154 2352 opificem
1169 2259 1241 2326 uni·

131 2397 293 2442 cereorum
307 2397 408 2462 neque
423 2377 565 2443 invenire
578 2372 701 2464 focile,
724 2398 825 2462 aeque
845 2375 1004 2441 incentum
1022 2371 1112 2460 opud
1135 2393 1242 2437 omnes

130 2485 327 2574 praedicare
348 2489 453 2552 tutum
474 2490 533 2553 est.
577 2489 662 2562 Quae
687 2488 831 2551 Christus
852 2492 962 2550 noster
983 2505 1041 2548 sua
1063 2487 1164 2566 ipsius
1179 2502 1240 2564 po-

131 2602 249 2660 testate
265 2601 435 2676 praestitit.
479 2599 604 2660 Socrati
620 2600 699 2660 enim
715 2616 805 2661 nemo
829 2600 875 2660 ita
896 2598 1030 2660 credidit
1054 2598 1088 2656 ut
1104 2611 1163 2674 pro
1180 2594 1242 2655 hac

132 2830 216 2901 sqq).
247 2860 283 2870 —
317 2832 397 2899 Vulgo
420 2833 457 2886 sic
483 2831 670 2886 distinxerunt:
704 2848 756 2886 non
770 2831 895 2902 praebent
909 2824 962 2884 οὐκ
977 2821 1241 2896 ἁσφα11ς3ο1(οιιιιι

131 2910 165 2970 Ὁ
180 2911 416 2984 δὲ...φαύλους,
434 2915 670 2985 κα1...ποιηταί,
704 2918 825 2986 Platone)
847 2911 998 2970 ἀδύνατον.
1040 2913 1083 2966 Sic
1098 2909 1174 2964 etiam
1190 2905 1241 2959 Go-

133 2996 261 3070 ἐκβαλών
289 3003 340 3069 τῆς
367 3002 525 3070 πολιτείας,
565 3001 613 3056 κα1
704 3006 773 3057 hort.
790 3002 949 3056 adGenta
966 2999 1009 3053 38.
1027 3014 1054 3068 p.
1072 2994 1115 3049 37.
1132 2993 1165 3046 B.
1192 2989 1242 3042 Al-

133 3083 257 3154 ποιητὰς
277 3090 481 3153 παραιτεῖσθαι
508 3107 532 3142 τ.
557 3083 585 3141 ci.
611 3084 670 3142 tot·
703 3093 760 3142 tera
773 3087 858 3154 lectio,
878 3085 945 3154 quod
958 3086 1045 3150 sciam,
1063 3075 1164 3132 nonnisi
1179 3071 1240 3126 ibid.

132 3169 215 3235 tate,
232 3172 258 3224 ιι.
272 3187 295 3226 e.
310 3173 436 3243 (naum
454 3175 489 3227 m
503 3174 549 3227 co
565 3176 670 3226 memo.
705 3189 728 3226 ι.
743 3172 786 3226 aa.
800 3187 826 3240 p.
842 3171 885 3224 eo.
904 3171 936 3223 n.
951 3167 1088 3234 comparet.
1125 3157 1188 3212 uiue
1209 3156 1242 3208 n-
1349 3183 1354 3190 »

132 3271 182 3308 eres
202 3257 305 3322 pridem
323 3258 420 3322 matos,
447 3261 473 3310 et
494 3273 585 3312 eonem
604 3276 672 3328 poce
704 3259 778 3310 brum
797 3271 880 3308 meum
893 3254 932 3307 Dc
947 3248 1064 3320 Epistola
1081 3244 1112 3298 ai
1128 3243 1242 3310 Diogne-

130 3343 227 3410 p'oetue
240 3342 434 3408 descripserunt
447 3347 608 3412 patratores,
623 3359 670 3397 or·
704 3343 759 3392 tum
771 3354 798 3408 p.
813 3337 857 3393 66.
876 3355 902 3393 n.
918 3336 953 3414 4,

134 3424 167 3477 be
182 3427 285 3491 caepit:
302 3427 471 3494 hominesque
486 3431 516 3480 ct
528 3428 672 3482 Homerum
776 3425 817 3478 lo.
829 3415 872 3487 “A]
889 3423 966 3488 Sunt,
984 3417 1084 3488 opinor,
1102 3413 1192 3483 quibus
1203 3411 1242 3464 la-

133 3511 161 3562 et
170 3512 264 3577 poetas
283 3509 350 3562 altos
363 3511 480 3562 citarent
496 3512 593 3565 decretl.
705 3508 754 3562 cilo
766 3507 922 3577 persuadere
934 3519 1037 3574 possem
1051 3500 1176 3554 lustinum
1191 3509 1244 3550 non

192 3591 233 3646 ..7.
253 3592 302 3646 καὶ
315 3589 395 3656 τούς]
411 3593 543 3647 alterutra
556 3610 672 3650 verme·
706 3585 726 3646 ἃ
753 3592 886 3660 scripsisse
914 3589 960 3645 sed
983 3580 1009 3643 ὅ.
1057 3587 1151 3640 Verum
1179 3579 1244 3635 nihil

134 3677 185 3730 iius
200 3678 309 3732 abesset.
329 3680 440 3746 (Menan.
457 3678 484 3730 in
500 3677 583 3746 lou.)
705 3681 785 3754 muto.
820 3675 961 3730 Tbtrlbtos.

212 3761 237 3816 8.
266 3765 340 3818 θεοῦ
421 3759 578 3833 ἀγνώστου]
607 3765 671 3820 coll.
779 3745 1241 3824 11111111111111118οἕῐ111ἤῑ1θ71·

135 3845 209 3901 Acti.
227 3851 308 3916 apest.
326 3847 368 3917 17,
389 3849 432 3904 23.
709 3845 764 3911 Qua
780 3844 807 3896 in
820 3844 900 3896 torma
915 3835 1066 3910 (sylburg.)
1084 3834 1187 3888 confusa
1202 3835 1243 3885 est

207 3929 232 3983 9.
260 3929 320 3988 Τόν
344 3929 376 3988 δὲ
392 3974 399 3989 ,
417 3974 423 3989 ,
441 3973 447 3989 .
466 3929 601 4001 ἀσφαλές]
633 3931 673 3985 Cf.
708 3928 801 3997 duplex
823 3927 916 3980 lectio:
942 3920 1101 3978 ἐπίστευσεν
1124 3921 1151 3970 ei
1168 3913 1242 3971 ἐπεὶ·

135 4016 203 4072 Plat.
215 4017 279 4072 Tim.
294 4018 371 4086 p.28.
388 4018 489 4087 caol.
502 4020 545 4074 lx.
563 4033 589 4087 p.
598 4016 672 4086 803).
707 4015 774 4082 σθη.
794 4009 829 4066 Et
842 4012 890 4064 hoc
906 4007 1007 4078 quidem
1022 4020 1077 4058 cum
1087 4001 1184 4055 (ioezio
1198 4015 1242 4054 rc-

135 4129 172 4144 ·-
190 4101 308 4156 Clemens
325 4102 412 4172 Alex,
433 4104 569 4172 Origenes,
587 4102 674 4155 lilinu-
707 4099 799 4168 posui,
817 4111 893 4168 quum
908 4092 984 4167 paulo
998 4091 1058 4160 post
1072 4083 1243 4156 tactusquo

136 4187 303 4256 cimbalis,
329 4187 494 4258 Lactantius,
518 4187 560 4243 ulli
582 4186 674 4243 Patres
707 4183 817 4251 legatur.

181 4283 215 4346 Τ.
224 4283 247 4345 1.
269 4283 305 4346 Ρ.
320 4284 345 4346 Ι.
1038 4273 1076 4331 13
