2900 4776
543 229 753 302 enatuere
779 232 805 302 L
923 260 926 264 ·
1188 236 1235 308 8³

120 403 250 484 enuere
270 405 304 470 et
327 417 537 486 prerumpere,
571 409 777 488 qneedenpue
803 407 902 474 tuerit
923 407 1050 476 Indaeis
1082 412 1235 492 prepriue

118 517 269 598 prineeps
286 518 319 580 et
330 533 405 580 rex:
426 517 570 584 nimirum
584 520 688 596 quoad
708 522 857 599 apparuit
871 521 960 586 lesus
978 522 1142 604 Christus,
1163 541 1233 586 ma·

118 627 224 706 gister
239 629 348 691 nester
363 630 397 690 et
412 627 576 694 latentium
589 629 828 708 prophetiarum
840 633 1017 712 interpres,
1037 635 1133 712 prout
1148 651 1168 696 a
1182 636 1233 696 di·

117 738 194 798 vine
214 739 323 800 saneto
345 738 534 818 prephetiee
551 741 667 818 spiritu
688 759 747 820 per
761 742 871 804 Mosen
889 745 1084 822 praedietnm
1100 747 1151 806 eet
1170 763 1234 808 nen

117 848 316 912 deiecturum
332 865 373 910 ex
388 849 514 913 ludaeis
528 851 718 930 prinoipem,
740 853 842 914 denen
855 853 978 916 veniret
993 855 1043 916 eni
1057 856 1232 933 repositum
1331 891 1334 901 ν

116 962 209 1022 eeset
232 977 371 1038 regnem.
414 959 509 1026 lunas
532 961 613 1025 enim
634 964 745 1027 auctor
767 964 894 1039 generis
910 963 1095 1026 Indaeorum
1110 964 1188 1044 snit,
1211 981 1231 1030 a

116 1087 182 1148 qne
198 1071 295 1134 etiem
311 1073 346 1136 ut
364 1070 475 1135 Iudaei
490 1075 679 1136 vocarentur
701 1071 894 1150 habuerunt5
915 1091 953 1134 ae
967 1091 1043 1154 ves,
1064 1077 1233 1154 postquam

114 1181 175 1244 ille
191 1183 325 1260 prodiit,
350 1184 384 1244 et
395 1181 521 1244 ludaeis
537 1183 717 1262 imperastis
736 1184 769 1244 et
791 1183 969 1248 nniversam
985 1202 1094 1250 eorum
1112 1189 1231 1248 terram
1274 1174 1278 1185 '

115 1293 381 1358 reetree'ditieni
405 1294 577 1360 adierintie.
619 1293 829 1359 illudentem
854 1289 931 1378 Ipee
945 1291 1008 1358 erit
1026 1294 1231 1381 exspectatio

113 1399 263 1487 gentium
280 1403 478 1481 significabat
494 1403 565 1470 sore
581 1422 623 1470 ex
644 1405 948 1486 pertingentibus
968 1406 1021 1482 qui
1037 1423 1108 1471 enm
1127 1408 1230 1472 denne

114 1519 284 1576 venturum
299 1517 544 1594 exspectarent:
579 1515 663 1598 qued
688 1516 814 1591 quidem
836 1515 927 1576 vebis
950 1516 1028 1580 lieet
1050 1533 1180 1581 eernere
1196 1521 1231 1580 et

113 1625 167 1688 rei
190 1625 388 1703 experientia
409 1626 561 1702 eredere;
585 1642 627 1690 ex
648 1625 733 1690 emni
754 1625 836 1689 euim
855 1641 974 1703 genere
991 1625 1149 1689 hominum
1169 1636 1235 1688 ex··

113 1737 262 1814 epeetaut
283 1736 371 1800 ittam
393 1736 425 1798 in
446 1725 564 1800 ledaea
583 1735 782 1814 crucifixum,
810 1737 992 1813 postquem
1013 1736 1119 1796 statim
1139 1736 1227 1798 belle

113 1849 210 1924 eapte
229 1845 415 1906 ludaeorum
439 1847 525 1905 terra
545 1845 637 1912 vehis
657 1846 775 1911 nauta
792 1847 851 1909 eet
886 1845 971 1912 illud
988 1862 1086 1924 perne
1103 1841 1236 1928 Ligeme‘

112 1953 162 2024 ed
177 1953 272 2022 eiteee
284 1953 413 2042 puellum
427 1971 520 2022 meet
542 1951 701 2022 etteeeer
717 1951 752 2019 ie
768 1951 925 2038 reeguine
940 1973 1021 2022 uene
1041 1952 1156 2026 motam
1171 1977 1226 2018 ru·

112 2085 169 2132 eet
190 2067 365 2146 symbulum
384 2069 455 2130 eret
475 2083 529 2132 ree
554 2066 734 2145 rignideens
751 2065 877 2134 Christe
896 2068 1065 2132 eventuras
1083 2069 1115 2128 et
1129 2067 1170 2128 ab
1185 2084 1226 2130 ee

112 2180 281 2257 gerendae.
315 2178 394 2242 Nam
408 2177 514 2256 pullus
531 2177 656 2255 quidam
671 2177 779 2242 asinae
794 2177 901 2244 stabat
914 2177 947 2238 in
961 2178 1094 2254 quedam
1110 2178 1225 2240 introi-

112 2292 148 2350 tn
159 2289 222 2352 vici
241 2289 395 2350 advitam
411 2287 575 2364 alligatus:
599 2303 690 2364 quem
705 2287 768 2366 ipsi
786 2288 944 2350 adducere
962 2289 1034 2350 tene
1051 2288 1224 2366 discipules

112 2399 229 2477 inerit,
251 2402 284 2462 et
299 2399 467 2464 nanneten
487 2385 650 2462 edseendit
670 2399 762 2474 eique
780 2398 919 2462 insidens
935 2397 1157 2477 Hierosolyma
1173 2400 1224 2460 in-

110 2527 246 2588 gressus
268 2512 334 2588 eet,
358 2509 412 2570 nbi
433 2508 597 2574 munimem
617 2507 804 2572 Iudaeorum
827 2511 897 2570 erat
913 2509 1078 2589 tenplum,
1105 2511 1190 2588 qnod
1203 2527 1225 2570 a

112 2621 208 2682 vebis
223 2623 336 2699 postea
352 2637 498 2682 eversum
514 2621 573 2684 eet.
616 2617 659 2686 ut
674 2620 788 2686 exinde
800 2619 832 2680 in
856 2636 978 2686 erueern.
992 2623 1081 2685 aetus
1100 2623 1169 2700 eet,
1190 2622 1225 2682 nt

111 2733 198 2810 qnod
212 2732 372 2808 reliquum
383 2733 454 2794 erat
466 2730 655 2812 prophetiae
667 2730 865 2812 -eppleretue
902 2728 981 2796 Nam
1000 2731 1080 2796 illud
1094 2725 1225 2794 Leeeee

109 2837 227 2905 stetere
242 2859 336 2904 ruere
356 2838 391 2904 ie
411 2837 569 2924 unguine
585 2859 665 2908 ever
681 2840 860 2920 pensionem
874 2841 1117 2918 praenuntiabat
1131 2858 1224 2917 qnam

110 2955 184 3019 erat
201 2971 372 3032 pmeenne,
402 2952 630 3030 sanguineum
653 2952 786 3029 expiare
809 2951 865 3028 eei
886 2951 949 3030 ipsi
964 2951 1105 3018 eredunt.
1144 2949 1223 3010 Nam

109 3081 193 3144 quae
208 3082 228 3124 e
243 3064 351 3126 divine
366 3063 480 3141 spirite
496 3079 555 3140 per
568 3061 756 3140 prophetare
768 3055 854 3146 uteie
869 3062 982 3126 dieitur
996 3061 1136 3146 nominee
1149 3065 1223 3122 snnt

107 3175 141 3237 ei
156 3176 332 3252 eredentes,
350 3173 382 3232 in
399 3173 510 3250 quibus
527 3163 606 3232 illud
622 3190 642 3232 a
657 3173 717 3232 deo
734 3187 841 3231 semen
855 3169 987 3250 habitat,
1003 3171 1106 3248 leges.
1132 3169 1222 3241 Quod

106 3287 219 3347 entem·
230 3285 344 3344 dieitur
358 3279 491 3366 eengm‘e
506 3301 586 3346 enee
607 3280 763 3361 signifieat
777 3279 848 3342 eum
864 3282 917 3359 qni
932 3281 1135 3365 appariturus
1152 3283 1226 3342 erat

107 3395 292 3474 sanguinem
311 3393 434 3472 quidem
455 3393 633 3454 habiturum
647 3408 734 3470 esse,
757 3409 866 3458 verum
881 3407 942 3452 nen
959 3411 1000 3452 ex
1017 3393 1150 3454 hnmano
1167 3409 1221 3454 ee-

106 3506 191 3569 neine
204 3506 263 3571 sed
276 3521 317 3565 ex
333 3503 442 3566 divina
459 3504 610 3584 petentia.
635 3503 741 3569 Prima
755 3505 859 3569 eutem
875 3503 1044 3566 seeundum
1058 3506 1221 3586 parentem

106 3729 197 3769 emnee
217 3717 276 3782 pest
292 3713 437 3767 Fabricium
457 3711 591 3780 (eretum.
608 3725 647 3780 gr.
683 3712 850 3782 ctnmetianie,
883 3712 940 3766 aliie
966 3716 1050 3766 antem
1078 3712 1220 3765 hominibus

107 3797 149 3853 ed.
167 3797 239 3852 Hert.
259 3799 314 3854 Vel.
327 3800 382 3854 1111.
400 3813 424 3868 p.
435 3797 483 3864 60)
497 3797 576 3866 prebe
593 3812 648 3850 me·
682 3798 855 3852 tantummode
883 3794 993 3864 σπὲρμα
1017 3797 1072 3850 eius
1098 3797 1219 3864 contigit:

105 3889 227 3940 ruerunt.
246 3885 418 3938 Tertullianus
426 3883 481 3936 adr.
491 3883 567 3936 Prae.
582 3897 604 3937 e.
615 3883 647 3935 9:
683 3883 758 3952 Apol.
775 3885 808 3938 11.
826 3899 849 3938 e.
863 3883 888 3937 8.
908 3897 933 3951 p.
947 3879 993 3936 Δ46.
1014 3882 1084 3935 (1.0.
1101 3880 1151 3935 at..
1180 3880 1219 3934 cf.

19 4022 23 4028 .
105 3969 346 4039 „Petennimtete
360 3970 501 4022 substantie
516 3974 565 4036 eet,
580 3967 648 4022 filine
681 3968 773 4021 librum
794 3983 877 4021 meum
894 3967 932 4020 lte
949 3966 1040 4018 tustini
1060 3967 1137 4020 Mart.
1154 3964 1220 4018 seri-

106 4058 144 4119 [r.
161 4047 178 4109 ei
194 4051 288 4122 tipus]
307 4069 367 4108 rere
385 4053 508 4108 derirntie
526 4055 604 4108 tetius
622 4057 649 4108 et
682 4053 733 4121 ptis
748 4056 775 4104 et
792 4051 873 4104 doctr.
895 4065 920 4118 p.
937 4049 972 4102 89
983 4065 1057 4119 sqq..

104 4140 210 4209 perite*
228 4171 264 4182 —
281 4143 344 4196 tue.
363 4137 395 4194 rei
412 4133 648 4208 sapienterve
750 4136 777 4190 9.
800 4130 832 4188 ‘H
853 4131 884 4190 δὲ
906 4131 1004 4202 erpeirp
1099 4129 1115 4191 ὁ
1137 4131 1221 4204 te'pep

103 4222 227 4295 σπέρμα.
262 4227 312 4281 ilie
332 4225 410 4296 (πᾶς)
433 4223 515 4296 λόγος
536 4227 604 4280 ieret
621 4226 648 4280 in
683 4218 769 4287 terte]
795 4221 865 4276 Heee
892 4222 967 4281 verer
993 4225 1109 4290 spectant
1133 4222 1164 4276 ad
1190 4239 1220 4277 ee

1004 4319 1055 4380 pe
