2914 4774
217 273 334 324 mm
581 247 969 321 rnouncoomnn
1080 219 1083 224 ’

218 439 351 508 bellom
384 439 525 532 publico
554 437 787 531 comprobent
818 436 1018 506 auctoritate
1052 433 1101 526 (c.
1119 433 1187 526 14)
1215 443 1253 506 et
1274 459 1337 506 ae-

212 587 326 655 -quum
351 565 514 634 iudicium
544 564 656 634 lerant
680 563 728 654 (c.
748 564 823 654 lh).

480 783 515 842 8.
544 783 729 856 Dialogus
748 797 832 860 oum
850 787 1069 858 Tryphone.
1145 841 1148 846 .

335 909 463 980 lustino
489 906 654 1002 (Ephesi)
678 909 866 979 ambulanti
895 933 993 980 mane
1019 910 1055 978 in
1087 909 1188 1000 Xysti
1216 911 1335 1002 spatiis
1447 929 1450 942 ’

219 1035 341 1140 obvius
370 1037 410 1102 fit
442 1033 580 1124 quidam
597 1033 763 1120 Iudaeus,
799 1035 950 1128 Trypho
976 1037 1136 1124 nomine,
1170 1059 1248 1106 cum
1276 1059 1336 1106 seu
1449 1091 1450 1096 ,

219 1161 328 1228 sociis.
384 1159 453 1244 Qui
483 1159 622 1248 quidem
650 1159 897 1254 philosophiae
919 1163 1108 1232 studiosum
1134 1184 1171 1230 se
1188 1159 1335 1248 esseio-

190 1298 193 1306 '
219 1284 367 1354 dicatae
384 1284 493 1378 pallio
509 1285 629 1354 lustini
649 1285 896 1378 philosophico
910 1289 1089 1356 invitatum
1108 1297 1336 1380 utcongres-

218 1433 295 1482 sum
314 1411 385 1480 eius
410 1419 603 1502 appeteret.
656 1412 689 1480 ls
713 1435 794 1480 vero
822 1413 882 1482 ubi
908 1413 1074 1483 lodaeum
1099 1437 1173 1482 esse
1197 1437 1335 1506 cogno-

217 1537 284 1624 vit,
310 1537 453 1606 miratur
477 1537 653 1606 hominem
669 1537 766 1608 Mosi
788 1548 822 1608 et
851 1539 1034 1632 prophetis
1061 1539 1236 1608 addictum
1262 1563 1335 1608 non

218 1649 338 1754 missos
356 1665 471 1735 facere
486 1663 718 1756 philosophos
741 1664 791 1754 (c.
812 1664 890 1756 1);'
905 1674 1037 1752 narrat,
1063 1667 1239 1756 quomodo
1256 1667 1334 1760 ipse

217 1791 374 1884 pluribus
403 1792 542 1884 gustatis
573 1791 794 1884 philosophis
818 1791 1016 1864 Platonicos
1040 1791 1248 1863 adamaverit
1277 1793 1329 1880 (ο.
1441 1785 1445 1794 ’

218 1916 264 2007 2)
288 1925 324 1986 ct
340 1889 472 2010 ¹postea
497 1917 639 1984 veritate
663 1941 683 1984 a
708 1916 858 2014 quodam
888 1941 969 1986 sene
1001 1919 1140 2012 cognita
1174 1919 1333 1988 christia-

217 2065 297 2110 nam
316 2042 522 2132 religionem
547 2041 723 2132 amplexus
746 2042 798 2110 sit.
843 2041 958 2112 Senex
983 2045 1075 2112 enim
1098 2046 1156 2112 ille
1183 2045 1332 2113 inanita-

217 2177 289 2236 tem
315 2166 607 2236 demonstraverat
634 2167 794 2234 scientiae
815 2168 1082 2262 philosophicae
1103 2171 1149 2260 (o.
1170 2169 1228 2258 3J:
1255 2171 1331 2238 ani-

216 2316 307 2362 mam
333 2315 405 2360 non
428 2314 529 2385 posse
553 2291 671 2360 videre
704 2293 807 2362 deum
833 2294 903 2386 sine
921 2297 1048 2388 ¹spiritu
1074 2305 1190 2366 sancto
1215 2296 1261 2388 (c.
1275 2295 1330 2384 4),

216 2443 330 2512 neque
359 2442 419 2486 sua
436 2429 555 2487 natura
573 2419 800 2488 immortalem
822 2443 895 2490 esse
914 2422 959 2510 (c.
977 2421 1030 2506 5),
1056 2421 1093 2490 id
1118 2423 1212 2512 quod
1227 2423 1331 2492 Plato

216 2569 257 2614 ac
283 2546 409 2614 caeteri
432 2543 638 2638 philosophi
660 2547 894 2638 ignoraverint
922 2548 967 2636 (c.
983 2545 1035 2636 e).
1087 2549 1246 2628 Veritatis
1266 2571 1330 2616 co-

217 2672 407 2766 gnitionem
433 2695 453 2738 a
485 2671 565 2740 solis
588 2672 770 2766 prophetis
795 2673 981 2764 petendam
1006 2697 1077 2744 esse
1104 2675 1150 2764 [c.
1170 2672 1221 2761 i).
1273 2673 1330 2740 Ex

215 2799 286 2884 hoc
304 2799 411 2892 igitur
428 2797 602 2888 colloquio
624 2821 701 2866 cum
721 2780 801 2870 senc
825 2799 971 2868 lustinus
990 2799 1035 2868 ad
1051 2822 1201 2867 amorem
1222 2799 1329 2874 Chri-

216 2927 259 3008 sti
276 2949 455 2994 accensum
474 2949 510 2994 sc
525 2947 599 2994 esse
618 2924 743 2995 fatetur
761 2926 805 3014 (o.
825 2923 875 3014 8).
930 2925 1061 2996 Rident
1081 2927 1137 2994 isti
1158 2925 1329 3018 Trypho-

215 3051 267 3121 nis
292 3052 392 3134 socii3
427 3051 524 3119 dolet
548 3051 623 3142 ipse
643 3051 794 3146 Trypho
816 3061 943 3120 sortem
967 3052 1103 3120 lustiui:
1130 3075 1198 3142 quo
1220 3073 1328 3144 spon-

216 3177 320 3244 dente
343 3200 380 3256 se
400 3175 709 3244 demonstraturum
737 3177 941 3268 religionem
968 3177 1186 3245 christianam
1207 3178 1329 3246 certis-

215 3300 385 3368 simisniti
401 3299 628 3390 argumentis,
653 3299 767 3368 denuo
789 3300 903 3378 rident
927 3311 962 3370 et
981 3300 1146 3370 indecore
1167 3302 1328 3393 clamant.

214 3425 401 3494 Discedere
425 3425 501 3492 vult
527 3423 694 3510 lustinus,
724 3424 785 3492 sed
805 3425 912 3516 pallio
933 3425 1097 3494 retinetur
1118 3426 1161 3492 ab
1186 3425 1249 3492 illo
1266 3429 1329 3496 Iu-

214 3551 321 3634 dae03
344 3550 498 3644 postulat
523 3560 561 3618 ot
588 3550 660 3618 eius
689 3549 774 3642 socii
802 3559 860 3622 aut
886 3552 1010 3620 abeant
1027 3559 1088 3640 *aut
1110 3551 1244 3622 silentio
1263 3578 1329 3624 au·-

215 3679 319 3761 diaat.
357 3677 558 3778 impetrata
592 3675 788 3748 conditione
817 3677 958 3752 veniunt
982 3677 1020 3746 in
1044 3679 1196 3768 aredium
1225 3679 1327 3770 Xysti

214 3805 372 3892 stadium,
392 3804 453 3872 ubi
469 3803 607 3896 lapidea
627 3802 748 3874 sedilia
769 3799 871 3874 erant
879 3827 923 3872 ex
938 3815 1083 3896 utraque
1098 3815 1214 3898 parte:
1238 3828 1325 3874 con-

214 3931 385 4002 sidentia
414 3931 522 4000 altera
544 3929 692 4000 lustinus
718 3939 752 3998 et
778 3931 949 4026 Trypho,
989 3932 1025 3998 in
1050 3932 1157 4002 altera
1178 3939 1326 4023 quatuor

190 4039 192 4042 ⁵
213 4057 314 4124 huius
334 4057 430 4142 socii,
450 4079 554 4145 quum
568 4055 634 4124 iam
653 4055 723 4124 duo
740 4057 890 4126 iocantes
913 4058 1074 4126 abiissent
1090 4055 1196 4146 (eti).
1230 4056 1328 4132 Tum

213 4179 332 4270 incipit
350 4179 533 4272 dialogus,L
557 4182 615 4274 qud
639 4191 742 4252 nocte
765 4182 1004 4278 interpellatus
1020 4181 1187 4275 postridie
1206 4180 1325 4272 (Try-
