2914 4774
227 237 312 288 χιιι
592 211 982 289 PROLEGOMENA.

226 425 257 473 a.
276 399 376 468 1592
397 401 646 470 exauderat-
666 423 790 492 graece
807 421 884 468 cum
905 397 1012 466 latina
1028 398 1184 468 versione
1198 399 1343 472 Ioannis

225 525 341 617 Langi
366 526 491 617 passim
517 525 697 593 emendata
715 525 823 592 edidit
843 505 1069 592 Fumunrcus
1089 523 1343 596 Sunnunerus:

226 644 297 710 Τοῦ
320 643 416 729 ἁγίου
440 643 677 711 Ἰουστίνου
702 641 897 724 Φιλοσόφου
920 641 975 707 καὶ
996 639 1165 730 μάρτυρος
1191 645 1234 710 τὰ
1257 641 1342 735 εὑρι-

226 755 381 846 ὸκόμενα.
416 757 453 826 S.
471 757 634 852 Iustini
650 755 859 848 Philosophi
877 765 912 824 et
928 755 1094 848 Martyris
1110 757 1229 850 Opera
1252 785 1342 850 quae

224 885 457 973 undequaque
474 881 618 948 inveniri
637 888 836 971 potuerunt.
889 879 1151 974 Heidelbergae
1171 907 1213 952 ex
1229 894 1341 976 typo-

225 1009 397 1100 grapheio
408 1006 613 1096 Hieronymi
630 1004 836 1074 Commelini
853 1028 882 1072 a.
904 1004 987 1076 Chr.
1005 1003 1115 1074 1593.
1132 1009 1211 1075 Fol.
1231 1009 1337 1078 Tom.

223 1133 275 1200 lll
295 1133 331 1198 in
360 1154 430 1198 uno
449 1130 634 1198 volumine.
686 1129 786 1196 Libri
803 1137 890 1196 sunt
909 1129 957 1198 ita
975 1131 1157 1200 collocati:
1185 1133 1290 1202 Tom.
1309 1136 1337 1204 1.

223 1281 259 1349 p.
277 1251 445 1324 1--167
459 1279 467 1323 r
483 1253 687 1323 cohortatio
707 1252 752 1318 ad
771 1252 939 1340 Gentiles,
964 1253 1084 1324 Oratio
1104 1257 1150 1326 ad
1166 1258 1337 1346 Gentiles,

223 1381 403 1472 Apologia
420 1377 563 1468 (minor)
578 1377 622 1445 ad
639 1377 802 1446 Senatum
819 1378 1032 1463 Romanum,
1047 1381 1226 1472 Apologia
1244 1383 1339 1471 (ma-

223 1503 293 1592 ior)
310 1503 354 1571 ad
364 1505 576 1571 Antoninum
591 1501 703 1587 Pium,
720 1503 775 1570 Do
794 1502 1002 1588 monarchia,
1017 1504 1221 1574 'Confutatio
1241 1508 1337 1601 dog-

222 1639 352 1698 matum
378 1627 606 1717 quorumdam
630 1627 844 1711 Aristotelis,
872 1627 1097 1710 Quaestiones
1118 1630 1337 1702 Christiano·
1446 1641 1447 1644 ’

222 1777 299 1822 rum
328 1755 373 1822 ad
397 1753 552 1822 Gentiles
579 1753 630 1841 (et
652 1752 871 1843 pertractatio
890 1751 979 1820 Adv.
1000 1753 1184 1844 Gentiles),
1213 1757 1337 1842 Quae.

223 1881 349 1948 stiones
380 1879 569 1970 Gentilium
594 1878 638 1946 ad
666 1876 895 1959 Christianos;
935 1877 1038 1954 Tum.
1056 1881 1099 1947 ll.
1135 1904 1171 1972 p.
1198 1882 1337 1953 161..

222 2003 295 2072 291
307 2027 325 2070 .:
341 2003 509 2092 Dialogus
524 2024 601 2070 cum
616 2001 830 2092 Tryphone3
849 2001 952 2070 Torn.
970 2004 1030 2072 lll.
1047 2027 1084 2096 p.
1095 2004 1335 2078 292-3982

221 2125 404 2218 Expositio
429 2134 541 2192 rectae
567 2123 668 2210 fidel,
706 2125 930 2208 Quaestiones
959 2137 993 2194 et
1009 2129 1268 2221 Responsiones
1288 2135 1335 2208 ad

223 2227 466 2336 Orthodoxos,
498 2250 659 2342 Epistola
682 2249 726 2318 ad
750 2250 983 2340 Diognetum,
1011 2253 1172 2344 Epistola
1198 2257 1243 2324 ad
1261 2258 1334 2326 Ze-

221 2399 301 2444 nam
328 2383 362 2444 ct
380 2374 558 2444 Serenum.
612 2375 746 2442 Textus
774 2383 825 2442 est
849 2375 1120 2468 Stephanlanus,
1147 2386 1333 2474 perpaucis

94 2581 98 2590 ¹
174 2545 177 2553 -
221 2501 259 2568 iu
286 2501 370 2568 locis
396 2508 577 2568 correctus
622 2499 743 2569 Clarus
777 2500 838 2568 ille
859 2499 1002 2568 Henrici
1028 2502 1198 2594 Stephani
1226 2506 1334 2578 disci-

222 2626 345 2717 puluS‚
371 2626 415 2694 de
433 2626 545 2694 multis
562 2625 785 2716 scriptoribus
800 2625 945 2714 antiquis
961 2625 1052 2692 bene
1069 2630 1229 2717 meritus,
1254 2633 1333 2700 edi-

222 2751 308 2819 tioni
326 2753 376 2844 (p.
396 2749 614 2837 tol-434)
634 2749 870 2818 adnotationes
887 2749 1021 2835 adiecit,
1046 2749 1082 2817 in
1099 2753 1222 2840 quibus
1242 2781 1333 2846 quae

222 2885 281 2944 aut
314 2877 453 2944 aliunde
478 2885 536 2944 aut
562 2875 606 2942 dc
630 2896 691 2942 suo
721 2875 757 2942 in
783 2883 922 2966 promtu
948 2885 1045 2944 eraut
1076 2879 1332 2968 suppeditavit3

222 3003 544 3088 „contribuerunt,“
568 3001 689 3090 inquit,
716 2999 885 3084 „loannes
900 3000 1071 3086 Arcesius,
1088 3025 1107 3069 e
1127 3001 1268 3094 Belgio,
1297 3017 1334 3075 et

220 3125 332 3192 David
354 3124 604 3207 Hoeschelius,
631 3103 927 3192 cVindelicoruln
944 3126 1118 3217 Augusta:
1155 3128 1249 3198 idem
1271 3131 1333 3200 hic

221 3248 450 3316 Hoeschelius
471 3249 561 3317 ultra
585 3271 680 3316 suam
706 3249 897 3338 symbolam
923 3250 1056 3318 addidit
1077 3253 1179 3320 etiam
1199 3254 1332 3324 Hiero-

220 3373 316 3461 nymi
341 3372 461 3440 Wolfii
486 3375 741 3459 annotationes,
770 3397 788 3440 e
806 3375 896 3442 libro
917 3375 991 3465 ejus
1010 3400 1070 3444 sua
1087 3399 1188 3444 rnauu
1208 3401 1332 3448 excer-

220 3505 316 3589 ptas,
349 3506 389 3566 ut
410 3520 452 3566 eo
471 3507 575 3589 pacto
602 3508 637 3564 et
659 3499 743 3566 boui
764 3501 999 3589 praeceptoris
1027 3502 1225 3570 memoriam
1242 3527 1332 3594 pro-

220 3631 367 3713 pagaret
397 3631 432 3690 et
461 3623 512 3690 rei
540 3623 708 3690 literariae
741 3623 923 3690 commoda
954 3625 1089 3715 plenius
1116 3627 1332 3697 adiuvaret.“

220 3748 368 3816 Intexuit
392 3769 498 3839 porro
527 3769 615 3836 quae
640 3747 731 3814 Rob.
764 3747 961 3838 Stephanus
991 3749 1027 3836 in
1052 3749 1211 3819 editionis
1235 3755 1331 3821 calce

220 3881 407 3940 monuerat.
438 3872 582 3963 Insuper
597 3874 760 3963 apposuit
777 3873 828 3962 (p.
848 3871 1068 3962 aaa-443)
1088 3877 1230 3946 selectas
1250 3877 1332 3950 loa-,

221 3995 325 4062 chimi
347 3995 499 4064 Perionii
521 4005 618 4063 notas
636 4019 704 4062 una
728 4019 804 4064 cum
822 3997 861 4064 iis
882 4019 969 4084 quae
990 3999 1135 4068 lacobus
1151 4001 1277 4069 Billius
1295 4001 1332 4068 in

219 4115 507 4204 9bserrationum
524 4141 694 4188 sacrarum
715 4121 837 4211 (Paris.
857 4119 966 4190 1585.
985 4113 1081 4212 Fol.)
1104 4125 1164 4192 lib.
1183 4125 1227 4192 ll.
1252 4149 1329 4218 cap.
