<?xml version="1.0" encoding="UTF-8"?>
<!DOCTYPE html PUBLIC "-//W3C//DTD XHTML 1.0 Transitional//EN"
    "http://www.w3.org/TR/xhtml1/DTD/xhtml1-transitional.dtd">
<html xmlns="http://www.w3.org/1999/xhtml" xml:lang="en" lang="en">
 <head>
  <title>
</title>
<meta http-equiv="Content-Type" content="text/html;charset=utf-8" />
  <meta name='ocr-system' content='tesseract 3.04.00' />
  <meta name='ocr-capabilities' content='ocr_page ocr_carea ocr_par ocr_line ocrx_word'/>
</head>
<body>
  <div class='ocr_page' id='page_1' title='image "./siustiniphiloso00ottogoog_0187.png"; bbox 0 0 2910 4774; ppageno 0'>
   <div class='ocr_carea' id='block_1_1' title="bbox 549 255 1235 324">
    <p class='ocr_par' dir='ltr' id='par_1_1' title="bbox 549 255 1235 324">
     <span class='ocr_line' id='line_1_1' title="bbox 549 255 1235 324; baseline 0.001 -2"><span class='ocrx_word' id='word_1_1' title='bbox 549 258 757 322; x_wconf 77' lang='lat' dir='ltr'><strong>neonooln</strong></span> <span class='ocrx_word' id='word_1_2' title='bbox 778 257 801 320; x_wconf 92' lang='lat'><strong>1.</strong></span> <span class='ocrx_word' id='word_1_3' title='bbox 1174 255 1235 324; x_wconf 72' lang='lat'><strong>127</strong></span> 
     </span>
    </p>
   </div>
   <div class='ocr_carea' id='block_1_2' title="bbox 117 432 1236 621">
    <p class='ocr_par' dir='ltr' id='par_1_2' title="bbox 117 432 1236 621">
     <span class='ocr_line' id='line_1_2' title="bbox 117 432 1236 510; baseline 0 -18"><span class='ocrx_word' id='word_1_4' title='bbox 117 433 219 492; x_wconf 82' lang='lat' dir='ltr'><strong>tatem</strong></span> <span class='ocrx_word' id='word_1_5' title='bbox 237 432 470 510; x_wconf 87' lang='lat' dir='ltr'><strong>amplectuntur</strong></span> <span class='ocrx_word' id='word_1_6' title='bbox 492 432 779 510; x_wconf 85' lang='lat' dir='ltr'><strong>noqueopininnes</strong></span> <span class='ocrx_word' id='word_1_7' title='bbox 801 434 963 493; x_wconf 87' lang='lat' dir='ltr'><strong>sectantur</strong></span> <span class='ocrx_word' id='word_1_8' title='bbox 984 447 1086 510; x_wconf 89' lang='lat' dir='ltr'><strong>neque</strong></span> <span class='ocrx_word' id='word_1_9' title='bbox 1111 433 1236 510; x_wconf 88' lang='lat' dir='ltr'><strong>eupidi-</strong></span> 
     </span>
     <span class='ocr_line' id='line_1_3' title="bbox 119 543 953 621; baseline 0.002 -19"><span class='ocrx_word' id='word_1_10' title='bbox 119 544 240 604; x_wconf 80' lang='lat' dir='ltr'><strong>tatibus</strong></span> <span class='ocrx_word' id='word_1_11' title='bbox 257 545 401 604; x_wconf 90' lang='lat' dir='ltr'><strong>serviunt</strong></span> <span class='ocrx_word' id='word_1_12' title='bbox 417 544 541 603; x_wconf 89' lang='lat' dir='ltr'><strong>ratione</strong></span> <span class='ocrx_word' id='word_1_13' title='bbox 559 543 663 602; x_wconf 82' lang='lat' dir='ltr'><strong>nixam</strong></span> <span class='ocrx_word' id='word_1_14' title='bbox 679 543 795 602; x_wconf 80' lang='lat' dir='ltr'><strong>afferre</strong></span> <span class='ocrx_word' id='word_1_15' title='bbox 809 549 953 621; x_wconf 82' lang='lat' dir='ltr'><strong>possunt.</strong></span> 
     </span>
    </p>
   </div>
   <div class='ocr_carea' id='block_1_3' title="bbox 119 686 1316 2434">
    <p class='ocr_par' dir='ltr' id='par_1_3' title="bbox 119 686 1316 2434">
     <span class='ocr_line' id='line_1_4' title="bbox 142 686 1237 766; baseline -0.001 -18"><span class='ocrx_word' id='word_1_16' title='bbox 142 695 144 698; x_wconf 80' lang='grc'><strong>’</strong></span> <span class='ocrx_word' id='word_1_17' title='bbox 209 687 265 749; x_wconf 76' lang='lat' dir='ltr'><strong>il.</strong></span> <span class='ocrx_word' id='word_1_18' title='bbox 284 688 342 758; x_wconf 84' lang='lat' dir='ltr'><strong>Qui</strong></span> <span class='ocrx_word' id='word_1_19' title='bbox 365 703 443 748; x_wconf 93' lang='lat' dir='ltr'><strong>vero</strong></span> <span class='ocrx_word' id='word_1_20' title='bbox 469 686 614 748; x_wconf 81' lang='lat' dir='ltr'><strong>fabulose</strong></span> <span class='ocrx_word' id='word_1_21' title='bbox 639 705 658 748; x_wconf 87' lang='lat' dir='ltr'><strong>a</strong></span> <span class='ocrx_word' id='word_1_22' title='bbox 680 689 785 766; x_wconf 89' lang='lat' dir='ltr'><strong>poetis</strong></span> <span class='ocrx_word' id='word_1_23' title='bbox 808 689 939 749; x_wconf 85' lang='lat' dir='ltr'><strong>conficta</strong></span> <span class='ocrx_word' id='word_1_24' title='bbox 963 689 1091 748; x_wconf 87' lang='lat' dir='ltr'><strong>tradunt</strong></span> <span class='ocrx_word' id='word_1_25' title='bbox 1118 687 1237 748; x_wconf 88' lang='lat' dir='ltr'><strong>nullam</strong></span> 
     </span>
     <span class='ocr_line' id='line_1_5' title="bbox 119 797 1236 874; baseline 0 -16"><span class='ocrx_word' id='word_1_26' title='bbox 119 799 421 858; x_wconf 86' lang='lat' dir='ltr'><strong>&#39;demonstrationem</strong></span> <span class='ocrx_word' id='word_1_27' title='bbox 443 797 576 857; x_wconf 89' lang='lat' dir='ltr'><strong>afferunt</strong></span> <span class='ocrx_word' id='word_1_28' title='bbox 600 799 812 860; x_wconf 77' lang='lat' dir='ltr'><strong>ediscentibus</strong></span> <span class='ocrx_word' id='word_1_29' title='bbox 835 800 1106 860; x_wconf 74' lang='lat' dir='ltr'><strong>adolescentibus:</strong></span> <span class='ocrx_word' id='word_1_30' title='bbox 1142 801 1236 874; x_wconf 88' lang='lat' dir='ltr'><strong>atque</strong></span> 
     </span>
     <span class='ocr_line' id='line_1_6' title="bbox 119 909 1236 986; baseline -0.002 -16"><span class='ocrx_word' id='word_1_31' title='bbox 119 910 202 971; x_wconf 89' lang='lat' dir='ltr'><strong>baec</strong></span> <span class='ocrx_word' id='word_1_32' title='bbox 225 909 266 970; x_wconf 90' lang='lat' dir='ltr'><strong>ad</strong></span> <span class='ocrx_word' id='word_1_33' title='bbox 291 910 434 970; x_wconf 81' lang='lat' dir='ltr'><strong>fraudem</strong></span> <span class='ocrx_word' id='word_1_34' title='bbox 458 910 490 968; x_wconf 92' lang='lat' dir='ltr'><strong>et</strong></span> <span class='ocrx_word' id='word_1_35' title='bbox 517 909 730 968; x_wconf 84' lang='lat' dir='ltr'><strong>seductionem</strong></span> <span class='ocrx_word' id='word_1_36' title='bbox 754 909 880 968; x_wconf 89' lang='lat' dir='ltr'><strong>humani</strong></span> <span class='ocrx_word' id='word_1_37' title='bbox 904 910 1030 986; x_wconf 84' lang='lat' dir='ltr'><strong>generis</strong></span> <span class='ocrx_word' id='word_1_38' title='bbox 1050 909 1236 985; x_wconf 82' lang='lat' dir='ltr'><strong>operatione</strong></span> 
     </span>
     <span class='ocr_line' id='line_1_7' title="bbox 120 1018 1237 1104; baseline -0.003 -23"><span class='ocrx_word' id='word_1_39' title='bbox 120 1021 274 1081; x_wconf 92' lang='lat' dir='ltr'><strong>malorum</strong></span> <span class='ocrx_word' id='word_1_40' title='bbox 298 1021 481 1104; x_wconf 79' lang='lat' dir='ltr'><strong>daemonum</strong></span> <span class='ocrx_word' id='word_1_41' title='bbox 508 1019 592 1079; x_wconf 91' lang='lat' dir='ltr'><strong>dicta</strong></span> <span class='ocrx_word' id='word_1_42' title='bbox 623 1036 695 1078; x_wconf 90' lang='lat' dir='ltr'><strong>esse</strong></span> <span class='ocrx_word' id='word_1_43' title='bbox 728 1020 986 1078; x_wconf 87' lang='lat' dir='ltr'><strong>demonstramus.</strong></span> <span class='ocrx_word' id='word_1_44' title='bbox 1031 1018 1129 1087; x_wconf 84' lang='lat' dir='ltr'><strong>Quum</strong></span> <span class='ocrx_word' id='word_1_45' title='bbox 1155 1019 1237 1078; x_wconf 91' lang='lat' dir='ltr'><strong>enim</strong></span> 
     </span>
     <span class='ocr_line' id='line_1_8' title="bbox 120 1127 1237 1210; baseline -0.002 -20"><span class='ocrx_word' id='word_1_46' title='bbox 120 1131 301 1210; x_wconf 88' lang='lat' dir='ltr'><strong>praedicari</strong></span> <span class='ocrx_word' id='word_1_47' title='bbox 318 1149 376 1208; x_wconf 86' lang='lat' dir='ltr'><strong>per</strong></span> <span class='ocrx_word' id='word_1_48' title='bbox 391 1130 565 1209; x_wconf 89' lang='lat' dir='ltr'><strong>prophetas</strong></span> <span class='ocrx_word' id='word_1_49' title='bbox 594 1129 789 1188; x_wconf 81' lang='lat' dir='ltr'><strong>audivissent</strong></span> <span class='ocrx_word' id='word_1_50' title='bbox 812 1129 1018 1188; x_wconf 90' lang='lat' dir='ltr'><strong>adventurum</strong></span> <span class='ocrx_word' id='word_1_51' title='bbox 1045 1145 1117 1188; x_wconf 87' lang='lat' dir='ltr'><strong>esse</strong></span> <span class='ocrx_word' id='word_1_52' title='bbox 1143 1127 1237 1188; x_wconf 84' lang='lat' dir='ltr'><strong>Chri-</strong></span> 
     </span>
     <span class='ocr_line' id='line_1_9' title="bbox 122 1239 1237 1318; baseline -0.003 -17"><span class='ocrx_word' id='word_1_53' title='bbox 122 1243 215 1318; x_wconf 87' lang='lat' dir='ltr'><strong>stum,</strong></span> <span class='ocrx_word' id='word_1_54' title='bbox 240 1243 272 1300; x_wconf 91' lang='lat' dir='ltr'><strong>et</strong></span> <span class='ocrx_word' id='word_1_55' title='bbox 284 1241 396 1318; x_wconf 91' lang='lat' dir='ltr'><strong>impios</strong></span> <span class='ocrx_word' id='word_1_56' title='bbox 411 1240 552 1300; x_wconf 91' lang='lat' dir='ltr'><strong>homines</strong></span> <span class='ocrx_word' id='word_1_57' title='bbox 568 1240 640 1317; x_wconf 82' lang='lat' dir='ltr'><strong>igne</strong></span> <span class='ocrx_word' id='word_1_58' title='bbox 654 1241 795 1318; x_wconf 91' lang='lat' dir='ltr'><strong>punitum</strong></span> <span class='ocrx_word' id='word_1_59' title='bbox 810 1240 858 1317; x_wconf 88' lang='lat' dir='ltr'><strong>iri,</strong></span> <span class='ocrx_word' id='word_1_60' title='bbox 880 1239 1084 1316; x_wconf 85' lang='lat' dir='ltr'><strong>perfecerunt</strong></span> <span class='ocrx_word' id='word_1_61' title='bbox 1098 1240 1132 1298; x_wconf 94' lang='lat' dir='ltr'><strong>ut</strong></span> <span class='ocrx_word' id='word_1_62' title='bbox 1147 1239 1237 1298; x_wconf 93' lang='lat' dir='ltr'><strong>multi</strong></span> 
     </span>
     <span class='ocr_line' id='line_1_10' title="bbox 123 1325 1316 1428; baseline -0.002 -18"><span class='ocrx_word' id='word_1_63' title='bbox 123 1351 304 1411; x_wconf 86' lang='lat' dir='ltr'><strong>dicerentur</strong></span> <span class='ocrx_word' id='word_1_64' title='bbox 320 1352 383 1411; x_wconf 92' lang='lat' dir='ltr'><strong>orti</strong></span> <span class='ocrx_word' id='word_1_65' title='bbox 401 1349 477 1411; x_wconf 89' lang='lat' dir='ltr'><strong>love</strong></span> <span class='ocrx_word' id='word_1_66' title='bbox 497 1349 570 1428; x_wconf 85' lang='lat' dir='ltr'><strong>filii,</strong></span> <span class='ocrx_word' id='word_1_67' title='bbox 594 1351 657 1410; x_wconf 85' lang='lat' dir='ltr'><strong>rati</strong></span> <span class='ocrx_word' id='word_1_68' title='bbox 673 1349 801 1410; x_wconf 84' lang='lat' dir='ltr'><strong>efficere</strong></span> <span class='ocrx_word' id='word_1_69' title='bbox 819 1367 853 1410; x_wconf 88' lang='lat' dir='ltr'><strong>se</strong></span> <span class='ocrx_word' id='word_1_70' title='bbox 872 1367 968 1428; x_wconf 88' lang='lat' dir='ltr'><strong>posse</strong></span> <span class='ocrx_word' id='word_1_71' title='bbox 986 1325 1180 1410; x_wconf 87' lang='lat' dir='ltr'><strong>uthomincs</strong></span> <span class='ocrx_word' id='word_1_72' title='bbox 1199 1367 1237 1408; x_wconf 86' lang='lat' dir='ltr'><strong>ea</strong></span> <span class='ocrx_word' id='word_1_73' title='bbox 1314 1379 1316 1390; x_wconf 76' lang='lat'><strong>.</strong></span> 
     </span>
     <span class='ocr_line' id='line_1_11' title="bbox 123 1459 1238 1538; baseline -0.001 -18"><span class='ocrx_word' id='word_1_74' title='bbox 123 1477 205 1538; x_wconf 86' lang='lat' dir='ltr'><strong>qnae</strong></span> <span class='ocrx_word' id='word_1_75' title='bbox 227 1461 268 1522; x_wconf 89' lang='lat' dir='ltr'><strong>ad</strong></span> <span class='ocrx_word' id='word_1_76' title='bbox 293 1459 451 1521; x_wconf 85' lang='lat' dir='ltr'><strong>Christum</strong></span> <span class='ocrx_word' id='word_1_77' title='bbox 476 1461 620 1538; x_wconf 89' lang='lat' dir='ltr'><strong>spectant</strong></span> <span class='ocrx_word' id='word_1_78' title='bbox 642 1461 843 1538; x_wconf 80' lang='lat' dir='ltr'><strong>prodigiosas</strong></span> <span class='ocrx_word' id='word_1_79' title='bbox 869 1459 994 1520; x_wconf 87' lang='lat' dir='ltr'><strong>fabulas</strong></span> <span class='ocrx_word' id='word_1_80' title='bbox 1019 1461 1238 1520; x_wconf 86' lang='lat' dir='ltr'><strong>existimarent</strong></span> 
     </span>
     <span class='ocr_line' id='line_1_12' title="bbox 122 1568 1239 1650; baseline 0 -18"><span class='ocrx_word' id='word_1_81' title='bbox 122 1573 226 1648; x_wconf 89' lang='lat' dir='ltr'><strong>iisque</strong></span> <span class='ocrx_word' id='word_1_82' title='bbox 251 1573 365 1632; x_wconf 88' lang='lat' dir='ltr'><strong>similia</strong></span> <span class='ocrx_word' id='word_1_83' title='bbox 389 1589 468 1648; x_wconf 88' lang='lat' dir='ltr'><strong>quae</strong></span> <span class='ocrx_word' id='word_1_84' title='bbox 490 1589 509 1632; x_wconf 89' lang='lat' dir='ltr'><strong>a</strong></span> <span class='ocrx_word' id='word_1_85' title='bbox 530 1572 635 1650; x_wconf 89' lang='lat' dir='ltr'><strong>poetis</strong></span> <span class='ocrx_word' id='word_1_86' title='bbox 658 1571 843 1630; x_wconf 88' lang='lat' dir='ltr'><strong>dictasunt.</strong></span> <span class='ocrx_word' id='word_1_87' title='bbox 886 1568 991 1646; x_wconf 87' lang='lat' dir='ltr'><strong>Atque</strong></span> <span class='ocrx_word' id='word_1_88' title='bbox 1011 1570 1091 1630; x_wconf 82' lang='lat' dir='ltr'><strong>liaeo</strong></span> <span class='ocrx_word' id='word_1_89' title='bbox 1107 1572 1239 1649; x_wconf 81' lang='lat' dir='ltr'><strong>vulgata</strong></span> 
     </span>
     <span class='ocr_line' id='line_1_13' title="bbox 123 1681 1236 1761; baseline 0 -19"><span class='ocrx_word' id='word_1_90' title='bbox 123 1684 251 1742; x_wconf 88' lang='lat' dir='ltr'><strong>suntet</strong></span> <span class='ocrx_word' id='word_1_91' title='bbox 272 1683 357 1760; x_wconf 86' lang='lat' dir='ltr'><strong>apud</strong></span> <span class='ocrx_word' id='word_1_92' title='bbox 381 1681 519 1741; x_wconf 89' lang='lat' dir='ltr'><strong>Graecos</strong></span> <span class='ocrx_word' id='word_1_93' title='bbox 544 1683 576 1741; x_wconf 89' lang='lat' dir='ltr'><strong>et</strong></span> <span class='ocrx_word' id='word_1_94' title='bbox 600 1682 684 1758; x_wconf 90' lang='lat' dir='ltr'><strong>apud</strong></span> <span class='ocrx_word' id='word_1_95' title='bbox 710 1683 821 1758; x_wconf 85' lang='lat' dir='ltr'><strong>gentes</strong></span> <span class='ocrx_word' id='word_1_96' title='bbox 839 1697 964 1758; x_wconf 90' lang='lat' dir='ltr'><strong>omnes,</strong></span> <span class='ocrx_word' id='word_1_97' title='bbox 988 1682 1041 1740; x_wconf 89' lang='lat' dir='ltr'><strong>ubi</strong></span> <span class='ocrx_word' id='word_1_98' title='bbox 1061 1683 1236 1761; x_wconf 86' lang='lat' dir='ltr'><strong>prophetas</strong></span> 
     </span>
     <span class='ocr_line' id='line_1_14' title="bbox 121 1791 1236 1871; baseline 0.002 -19"><span class='ocrx_word' id='word_1_99' title='bbox 121 1794 381 1871; x_wconf 86' lang='lat' dir='ltr'><strong>praenuntiantes</strong></span> <span class='ocrx_word' id='word_1_100' title='bbox 412 1792 582 1851; x_wconf 85' lang='lat' dir='ltr'><strong>audiebant</strong></span> <span class='ocrx_word' id='word_1_101' title='bbox 613 1791 683 1852; x_wconf 86' lang='lat' dir='ltr'><strong>lore</strong></span> <span class='ocrx_word' id='word_1_102' title='bbox 705 1795 739 1852; x_wconf 94' lang='lat' dir='ltr'><strong>ut</strong></span> <span class='ocrx_word' id='word_1_103' title='bbox 760 1791 887 1851; x_wconf 87' lang='lat' dir='ltr'><strong>Christo</strong></span> <span class='ocrx_word' id='word_1_104' title='bbox 920 1791 1019 1870; x_wconf 87' lang='lat' dir='ltr'><strong>magis</strong></span> <span class='ocrx_word' id='word_1_105' title='bbox 1042 1793 1236 1855; x_wconf 85' lang='lat' dir='ltr'><strong>crederetur.</strong></span> 
     </span>
     <span class='ocr_line' id='line_1_15' title="bbox 122 1901 1237 1982; baseline 0.002 -17"><span class='ocrx_word' id='word_1_106' title='bbox 122 1901 189 1966; x_wconf 81' lang='lat' dir='ltr'><strong>Eos</strong></span> <span class='ocrx_word' id='word_1_107' title='bbox 208 1921 305 1982; x_wconf 88' lang='lat' dir='ltr'><strong>vero,</strong></span> <span class='ocrx_word' id='word_1_108' title='bbox 329 1903 470 1980; x_wconf 89' lang='lat' dir='ltr'><strong>quamvis</strong></span> <span class='ocrx_word' id='word_1_109' title='bbox 494 1901 722 1980; x_wconf 88' lang='lat' dir='ltr'><strong>prophetarum</strong></span> <span class='ocrx_word' id='word_1_110' title='bbox 746 1904 829 1964; x_wconf 84' lang='lat' dir='ltr'><strong>dicta</strong></span> <span class='ocrx_word' id='word_1_111' title='bbox 858 1903 1019 1981; x_wconf 89' lang='lat' dir='ltr'><strong>audirent,</strong></span> <span class='ocrx_word' id='word_1_112' title='bbox 1051 1908 1237 1967; x_wconf 88' lang='lat' dir='ltr'><strong>nontamen</strong></span> 
     </span>
     <span class='ocr_line' id='line_1_16' title="bbox 123 2013 1237 2090; baseline 0 -15"><span class='ocrx_word' id='word_1_113' title='bbox 123 2017 272 2076; x_wconf 85' lang='lat' dir='ltr'><strong>accurate</strong></span> <span class='ocrx_word' id='word_1_114' title='bbox 296 2014 512 2090; x_wconf 85' lang='lat' dir='ltr'><strong>intellexisse,</strong></span> <span class='ocrx_word' id='word_1_115' title='bbox 545 2013 603 2072; x_wconf 88' lang='lat' dir='ltr'><strong>sed</strong></span> <span class='ocrx_word' id='word_1_116' title='bbox 623 2029 710 2072; x_wconf 90' lang='lat' dir='ltr'><strong>more</strong></span> <span class='ocrx_word' id='word_1_117' title='bbox 735 2015 905 2074; x_wconf 89' lang='lat' dir='ltr'><strong>errantium</strong></span> <span class='ocrx_word' id='word_1_118' title='bbox 923 2031 977 2074; x_wconf 83' lang='lat' dir='ltr'><strong>res</strong></span> <span class='ocrx_word' id='word_1_119' title='bbox 994 2013 1111 2075; x_wconf 77' lang='lat' dir='ltr'><strong>Christi</strong></span> <span class='ocrx_word' id='word_1_120' title='bbox 1131 2016 1237 2076; x_wconf 89' lang='lat' dir='ltr'><strong>imita-</strong></span> 
     </span>
     <span class='ocr_line' id='line_1_17' title="bbox 123 2123 1237 2204; baseline 0.004 -21"><span class='ocrx_word' id='word_1_121' title='bbox 123 2127 175 2184; x_wconf 91' lang='lat' dir='ltr'><strong>tos</strong></span> <span class='ocrx_word' id='word_1_122' title='bbox 200 2141 272 2184; x_wconf 86' lang='lat' dir='ltr'><strong>esse</strong></span> <span class='ocrx_word' id='word_1_123' title='bbox 296 2123 531 2202; x_wconf 83' lang='lat' dir='ltr'><strong>explicabimus.</strong></span> <span class='ocrx_word' id='word_1_124' title='bbox 575 2123 681 2183; x_wconf 90' lang='lat' dir='ltr'><strong>Moses</strong></span> <span class='ocrx_word' id='word_1_125' title='bbox 700 2125 798 2200; x_wconf 83' lang='lat' dir='ltr'><strong>igitur</strong></span> <span class='ocrx_word' id='word_1_126' title='bbox 817 2125 994 2204; x_wconf 89' lang='lat' dir='ltr'><strong>propheta,</strong></span> <span class='ocrx_word' id='word_1_127' title='bbox 1016 2129 1050 2186; x_wconf 92' lang='lat' dir='ltr'><strong>ut</strong></span> <span class='ocrx_word' id='word_1_128' title='bbox 1072 2143 1168 2204; x_wconf 90' lang='lat' dir='ltr'><strong>snpra</strong></span> <span class='ocrx_word' id='word_1_129' title='bbox 1185 2128 1237 2187; x_wconf 92' lang='lat' dir='ltr'><strong>di-</strong></span> 
     </span>
     <span class='ocr_line' id='line_1_18' title="bbox 123 2233 1237 2317; baseline 0.004 -23"><span class='ocrx_word' id='word_1_130' title='bbox 123 2236 244 2313; x_wconf 91' lang='lat' dir='ltr'><strong>ximus,</strong></span> <span class='ocrx_word' id='word_1_131' title='bbox 272 2234 429 2310; x_wconf 87' lang='lat' dir='ltr'><strong>antiquior</strong></span> <span class='ocrx_word' id='word_1_132' title='bbox 452 2233 512 2293; x_wconf 89' lang='lat' dir='ltr'><strong>luit</strong></span> <span class='ocrx_word' id='word_1_133' title='bbox 536 2235 676 2294; x_wconf 92' lang='lat' dir='ltr'><strong>omnibus</strong></span> <span class='ocrx_word' id='word_1_134' title='bbox 701 2235 926 2314; x_wconf 89' lang='lat' dir='ltr'><strong>scriptoribus,</strong></span> <span class='ocrx_word' id='word_1_135' title='bbox 955 2239 987 2296; x_wconf 90' lang='lat' dir='ltr'><strong>et</strong></span> <span class='ocrx_word' id='word_1_136' title='bbox 1008 2255 1067 2314; x_wconf 93' lang='lat' dir='ltr'><strong>per</strong></span> <span class='ocrx_word' id='word_1_137' title='bbox 1092 2255 1179 2317; x_wconf 92' lang='lat' dir='ltr'><strong>eum,</strong></span> <span class='ocrx_word' id='word_1_138' title='bbox 1202 2241 1237 2300; x_wconf 88' lang='lat' dir='ltr'><strong>ut</strong></span> 
     </span>
     <span class='ocr_line' id='line_1_19' title="bbox 124 2343 1237 2434; baseline 0.004 -27"><span class='ocrx_word' id='word_1_139' title='bbox 124 2347 187 2407; x_wconf 87' lang='lat' dir='ltr'><strong>iam</strong></span> <span class='ocrx_word' id='word_1_140' title='bbox 207 2345 420 2422; x_wconf 88' lang='lat' dir='ltr'><strong>indicavimus,</strong></span> <span class='ocrx_word' id='word_1_141' title='bbox 438 2344 661 2422; x_wconf 86' lang='lat' dir='ltr'><strong>prophetatum</strong></span> <span class='ocrx_word' id='word_1_142' title='bbox 685 2347 735 2404; x_wconf 86' lang='lat' dir='ltr'><strong>est</strong></span> <span class='ocrx_word' id='word_1_143' title='bbox 757 2346 818 2406; x_wconf 89' lang='lat' dir='ltr'><strong>sic:</strong></span> <span class='ocrx_word' id='word_1_144' title='bbox 842 2345 916 2408; x_wconf 85' lang='lat' dir='ltr'><strong>Non</strong></span> <span class='ocrx_word' id='word_1_145' title='bbox 933 2343 1063 2434; x_wconf 78' lang='lat' dir='ltr'><strong>deficiet</strong></span> <span class='ocrx_word' id='word_1_146' title='bbox 1080 2346 1237 2434; x_wconf 82' lang='lat' dir='ltr'><strong>princeps</strong></span> 
     </span>
    </p>
   </div>
   <div class='ocr_carea' id='block_1_4' title="bbox 121 2450 1237 2762">
    <p class='ocr_par' dir='ltr' id='par_1_4' title="bbox 121 2450 1237 2762">
     <span class='ocr_line' id='line_1_20' title="bbox 124 2450 1237 2544; baseline 0.004 -27"><span class='ocrx_word' id='word_1_147' title='bbox 124 2475 167 2518; x_wconf 76' lang='lat' dir='ltr'><strong>ex</strong></span> <span class='ocrx_word' id='word_1_148' title='bbox 188 2451 274 2517; x_wconf 84' lang='lat' dir='ltr'><strong>Iuda</strong></span> <span class='ocrx_word' id='word_1_149' title='bbox 293 2450 470 2518; x_wconf 73' lang='lat' dir='ltr'><strong>cidanea</strong></span> <span class='ocrx_word' id='word_1_150' title='bbox 485 2450 666 2539; x_wconf 80' lang='lat' dir='ltr'><strong>semoribus</strong></span> <span class='ocrx_word' id='word_1_151' title='bbox 689 2454 777 2531; x_wconf 83' lang='lat' dir='ltr'><strong>eiua,</strong></span> <span class='ocrx_word' id='word_1_152' title='bbox 798 2453 1025 2540; x_wconf 67' lang='lat' dir='ltr'><strong>doneeoeniot</strong></span> <span class='ocrx_word' id='word_1_153' title='bbox 1044 2457 1098 2522; x_wconf 80' lang='lat' dir='ltr'><strong>coi</strong></span> <span class='ocrx_word' id='word_1_154' title='bbox 1112 2458 1237 2544; x_wconf 79' lang='lat' dir='ltr'><strong>reposi-</strong></span> 
     </span>
     <span class='ocr_line' id='line_1_21' title="bbox 123 2563 1236 2652; baseline 0.004 -23"><span class='ocrx_word' id='word_1_155' title='bbox 123 2567 191 2629; x_wconf 78' lang='lat' dir='ltr'><strong>tum</strong></span> <span class='ocrx_word' id='word_1_156' title='bbox 212 2565 280 2637; x_wconf 70' lang='lat' dir='ltr'><strong>cair</strong></span> <span class='ocrx_word' id='word_1_157' title='bbox 310 2565 342 2628; x_wconf 82' lang='lat' dir='ltr'><strong>et</strong></span> <span class='ocrx_word' id='word_1_158' title='bbox 366 2563 436 2650; x_wconf 82' lang='lat' dir='ltr'><strong>ipse</strong></span> <span class='ocrx_word' id='word_1_159' title='bbox 456 2563 518 2629; x_wconf 80' lang='lat' dir='ltr'><strong>erit</strong></span> <span class='ocrx_word' id='word_1_160' title='bbox 542 2565 745 2650; x_wconf 80' lang='lat' dir='ltr'><strong>exspectatio</strong></span> <span class='ocrx_word' id='word_1_161' title='bbox 764 2565 924 2649; x_wconf 80' lang='lat' dir='ltr'><strong>gentium,</strong></span> <span class='ocrx_word' id='word_1_162' title='bbox 956 2566 1065 2652; x_wconf 79' lang='lat' dir='ltr'><strong>ligone</strong></span> <span class='ocrx_word' id='word_1_163' title='bbox 1080 2568 1125 2632; x_wconf 86' lang='lat' dir='ltr'><strong>od</strong></span> <span class='ocrx_word' id='word_1_164' title='bbox 1140 2569 1236 2634; x_wconf 83' lang='lat' dir='ltr'><strong>vitem</strong></span> 
     </span>
     <span class='ocr_line' id='line_1_22' title="bbox 121 2671 1237 2762; baseline 0.006 -25"><span class='ocrx_word' id='word_1_165' title='bbox 121 2671 251 2762; x_wconf 81' lang='lat' dir='ltr'><strong>pullum</strong></span> <span class='ocrx_word' id='word_1_166' title='bbox 270 2695 377 2752; x_wconf 85' lang='lat' dir='ltr'><strong>suum,</strong></span> <span class='ocrx_word' id='word_1_167' title='bbox 408 2671 519 2738; x_wconf 84' lang='lat' dir='ltr'><strong>locans</strong></span> <span class='ocrx_word' id='word_1_168' title='bbox 539 2673 655 2740; x_wconf 85' lang='lat' dir='ltr'><strong>stolam</strong></span> <span class='ocrx_word' id='word_1_169' title='bbox 676 2677 818 2740; x_wconf 81' lang='lat' dir='ltr'><strong>suumin</strong></span> <span class='ocrx_word' id='word_1_170' title='bbox 837 2677 995 2762; x_wconf 78' lang='lat' dir='ltr'><strong>sunguine</strong></span> <span class='ocrx_word' id='word_1_171' title='bbox 1015 2699 1105 2744; x_wconf 77' lang='lat' dir='ltr'><strong>evoe.</strong></span> <span class='ocrx_word' id='word_1_172' title='bbox 1150 2682 1237 2744; x_wconf 88' lang='lat' dir='ltr'><strong>llaeo</strong></span> 
     </span>
    </p>
   </div>
   <div class='ocr_carea' id='block_1_5' title="bbox 123 2883 1237 4316">
    <p class='ocr_par' dir='ltr' id='par_1_5' title="bbox 125 2883 1236 2956">
     <span class='ocr_line' id='line_1_23' title="bbox 125 2883 1236 2956; baseline 0 -18"><span class='ocrx_word' id='word_1_173' title='bbox 125 2889 200 2938; x_wconf 82' lang='lat' dir='ltr'><strong>cuius</strong></span> <span class='ocrx_word' id='word_1_174' title='bbox 225 2889 264 2938; x_wconf 85' lang='lat' dir='ltr'><strong>est</strong></span> <span class='ocrx_word' id='word_1_175' title='bbox 279 2883 432 2952; x_wconf 84' lang='lat' dir='ltr'><strong>Troilopius.</strong></span> <span class='ocrx_word' id='word_1_176' title='bbox 471 2883 559 2937; x_wconf 86' lang='lat' dir='ltr'><strong>Simile</strong></span> <span class='ocrx_word' id='word_1_177' title='bbox 576 2884 664 2936; x_wconf 82' lang='lat' dir='ltr'><strong>vilium</strong></span> <span class='ocrx_word' id='word_1_178' title='bbox 699 2887 783 2940; x_wconf 85' lang='lat' dir='ltr'><strong>solent</strong></span> <span class='ocrx_word' id='word_1_179' title='bbox 808 2902 932 2956; x_wconf 86' lang='lat' dir='ltr'><strong>responsa</strong></span> <span class='ocrx_word' id='word_1_180' title='bbox 954 2888 980 2940; x_wconf 93' lang='lat' dir='ltr'><strong>in</strong></span> <span class='ocrx_word' id='word_1_181' title='bbox 1003 2887 1132 2954; x_wconf 82' lang='lat' dir='ltr'><strong>ambiguos</strong></span> <span class='ocrx_word' id='word_1_182' title='bbox 1153 2887 1236 2939; x_wconf 83' lang='lat' dir='ltr'><strong>exitus</strong></span> 
     </span>
    </p>

    <p class='ocr_par' dir='ltr' id='par_1_6' title="bbox 123 2968 1235 3040">
     <span class='ocr_line' id='line_1_24' title="bbox 123 2968 1235 3040; baseline 0.001 -19"><span class='ocrx_word' id='word_1_183' title='bbox 123 2971 151 3022; x_wconf 90' lang='lat' dir='ltr'><strong>in</strong></span> <span class='ocrx_word' id='word_1_184' title='bbox 168 2969 234 3023; x_wconf 77' lang='lat' dir='ltr'><strong>nial.</strong></span> <span class='ocrx_word' id='word_1_185' title='bbox 254 2986 276 3024; x_wconf 87' lang='lat' dir='ltr'><strong>c.</strong></span> <span class='ocrx_word' id='word_1_186' title='bbox 290 2970 334 3025; x_wconf 86' lang='lat' dir='ltr'><strong>Tr.</strong></span> <span class='ocrx_word' id='word_1_187' title='bbox 350 2985 372 3024; x_wconf 89' lang='lat' dir='ltr'><strong>c.</strong></span> <span class='ocrx_word' id='word_1_188' title='bbox 387 2968 430 3022; x_wconf 88' lang='grc'><strong>67.</strong></span> <span class='ocrx_word' id='word_1_189' title='bbox 446 2983 472 3038; x_wconf 93' lang='lat' dir='ltr'><strong>p.</strong></span> <span class='ocrx_word' id='word_1_190' title='bbox 488 2968 549 3024; x_wconf 72' lang='lat'><strong>291.</strong></span> <span class='ocrx_word' id='word_1_191' title='bbox 568 2969 599 3024; x_wconf 87' lang='lat' dir='ltr'><strong>B.</strong></span> <span class='ocrx_word' id='word_1_192' title='bbox 618 2968 663 3022; x_wconf 84' lang='lat' dir='ltr'><strong>‹lc-</strong></span> <span class='ocrx_word' id='word_1_193' title='bbox 698 2973 872 3039; x_wconf 85' lang='lat' dir='ltr'><strong>temperare.“</strong></span> <span class='ocrx_word' id='word_1_194' title='bbox 898 2975 955 3028; x_wconf 83' lang='lat' dir='ltr'><strong>Alia</strong></span> <span class='ocrx_word' id='word_1_195' title='bbox 971 2977 1076 3040; x_wconf 83' lang='lat' dir='ltr'><strong>insuper</strong></span> <span class='ocrx_word' id='word_1_196' title='bbox 1089 2971 1163 3023; x_wconf 91' lang='lat' dir='ltr'><strong>huius</strong></span> <span class='ocrx_word' id='word_1_197' title='bbox 1176 2986 1235 3023; x_wconf 87' lang='lat' dir='ltr'><strong>sen·</strong></span> 
     </span>
    </p>

    <p class='ocr_par' dir='ltr' id='par_1_7' title="bbox 124 3055 1235 3211">
     <span class='ocr_line' id='line_1_25' title="bbox 124 3055 1235 3125; baseline 0 -17"><span class='ocrx_word' id='word_1_198' title='bbox 124 3055 301 3125; x_wconf 82' lang='lat' dir='ltr'><strong>prehenditur.</strong></span> <span class='ocrx_word' id='word_1_199' title='bbox 698 3057 794 3108; x_wconf 80' lang='lat' dir='ltr'><strong>tentiae</strong></span> <span class='ocrx_word' id='word_1_200' title='bbox 817 3059 961 3110; x_wconf 83' lang='lat' dir='ltr'><strong>testimonia</strong></span> <span class='ocrx_word' id='word_1_201' title='bbox 984 3057 1093 3110; x_wconf 86' lang='lat' dir='ltr'><strong>laudavit</strong></span> <span class='ocrx_word' id='word_1_202' title='bbox 1110 3057 1235 3108; x_wconf 87' lang='lat' dir='ltr'><strong>Semisch.</strong></span> 
     </span>
     <span class='ocr_line' id='line_1_26' title="bbox 195 3134 1234 3211; baseline 0.005 -18"><span class='ocrx_word' id='word_1_203' title='bbox 195 3139 221 3194; x_wconf 75' lang='lat'><strong>3.</strong></span> <span class='ocrx_word' id='word_1_204' title='bbox 248 3134 346 3208; x_wconf 80' lang='grc' dir='ltr'>ὅμοια]</span> <span class='ocrx_word' id='word_1_205' title='bbox 379 3140 417 3191; x_wconf 84' lang='lat' dir='ltr'><strong>lle</strong></span> <span class='ocrx_word' id='word_1_206' title='bbox 440 3141 537 3193; x_wconf 87' lang='lat' dir='ltr'><strong>monitu</strong></span> <span class='ocrx_word' id='word_1_207' title='bbox 559 3142 664 3195; x_wconf 87' lang='lat' dir='ltr'><strong>Thirlbii</strong></span> <span class='ocrx_word' id='word_1_208' title='bbox 699 3141 828 3197; x_wconf 66' lang='lat' dir='ltr'><strong>instinc.</strong></span> <span class='ocrx_word' id='word_1_209' title='bbox 845 3143 959 3211; x_wconf 65' lang='lat' dir='ltr'><strong>Moram.</strong></span> <span class='ocrx_word' id='word_1_210' title='bbox 989 3143 1020 3196; x_wconf 91' lang='lat' dir='ltr'><strong>P.</strong></span> <span class='ocrx_word' id='word_1_211' title='bbox 1034 3143 1115 3210; x_wconf 89' lang='lat' dir='ltr'><strong>ll..p.</strong></span> <span class='ocrx_word' id='word_1_212' title='bbox 1132 3139 1181 3194; x_wconf 80' lang='lat'><strong>381</strong></span> <span class='ocrx_word' id='word_1_213' title='bbox 1196 3155 1234 3210; x_wconf 86' lang='lat' dir='ltr'><strong>sq.</strong></span> 
     </span>
    </p>

    <p class='ocr_par' dir='ltr' id='par_1_8' title="bbox 124 3219 767 3296">
     <span class='ocr_line' id='line_1_27' title="bbox 124 3219 767 3296; baseline 0 -16"><span class='ocrx_word' id='word_1_214' title='bbox 124 3225 288 3296; x_wconf 81' lang='lat' dir='ltr'><strong>provulgata</strong></span> <span class='ocrx_word' id='word_1_215' title='bbox 309 3225 436 3292; x_wconf 83' lang='lat' dir='ltr'><strong>scriptura</strong></span> <span class='ocrx_word' id='word_1_216' title='bbox 461 3219 566 3294; x_wconf 75' lang='grc' dir='ltr'>ὁμοίως</span> <span class='ocrx_word' id='word_1_217' title='bbox 587 3242 660 3295; x_wconf 82' lang='lat' dir='ltr'><strong>repo·</strong></span> <span class='ocrx_word' id='word_1_218' title='bbox 699 3241 725 3279; x_wconf 87' lang='lat' dir='ltr'><strong>n.</strong></span> <span class='ocrx_word' id='word_1_219' title='bbox 741 3225 767 3280; x_wconf 83' lang='grc'><strong>3.</strong></span> 
     </span>
    </p>

    <p class='ocr_par' dir='ltr' id='par_1_9' title="bbox 125 3307 1234 3464">
     <span class='ocr_line' id='line_1_28' title="bbox 125 3307 1234 3384; baseline 0.003 -19"><span class='ocrx_word' id='word_1_220' title='bbox 125 3311 175 3365; x_wconf 80' lang='grc' dir='ltr'><strong>συί.</strong></span> <span class='ocrx_word' id='word_1_221' title='bbox 213 3311 315 3362; x_wconf 85' lang='lat' dir='ltr'><strong>Pariter</strong></span> <span class='ocrx_word' id='word_1_222' title='bbox 330 3311 482 3379; x_wconf 83' lang='lat' dir='ltr'><strong>Trollopius.</strong></span> <span class='ocrx_word' id='word_1_223' title='bbox 768 3312 793 3368; x_wconf 90' lang='lat'><strong>6.</strong></span> <span class='ocrx_word' id='word_1_224' title='bbox 821 3307 859 3377; x_wconf 70' lang='lat' dir='ltr'><strong>oie</strong></span> <span class='ocrx_word' id='word_1_225' title='bbox 879 3313 1056 3384; x_wconf 77' lang='grc' dir='ltr'><strong><em>πρσὲφημεσ]</em></strong></span> <span class='ocrx_word' id='word_1_226' title='bbox 1088 3313 1118 3368; x_wconf 81' lang='lat' dir='ltr'><strong>C.</strong></span> <span class='ocrx_word' id='word_1_227' title='bbox 1138 3309 1181 3369; x_wconf 76' lang='lat'><strong>44.</strong></span> <span class='ocrx_word' id='word_1_228' title='bbox 1207 3329 1234 3383; x_wconf 91' lang='lat' dir='ltr'><strong>p.</strong></span> 
     </span>
     <span class='ocr_line' id='line_1_29' title="bbox 196 3391 794 3464; baseline 0.008 -18"><span class='ocrx_word' id='word_1_229' title='bbox 196 3396 223 3450; x_wconf 78' lang='lat'><strong>4.</strong></span> <span class='ocrx_word' id='word_1_230' title='bbox 241 3391 467 3461; x_wconf 57' lang='lat' dir='ltr'><strong>iudnouovfficil.</strong></span> <span class='ocrx_word' id='word_1_231' title='bbox 482 3395 590 3464; x_wconf 72' lang='grc' dir='ltr'><strong><em>φαῦλοι</em></strong></span> <span class='ocrx_word' id='word_1_232' title='bbox 606 3396 665 3451; x_wconf 78' lang='grc' dir='ltr'><strong>δαί·</strong></span> <span class='ocrx_word' id='word_1_233' title='bbox 700 3396 742 3452; x_wconf 87' lang='lat'><strong>81.</strong></span> <span class='ocrx_word' id='word_1_234' title='bbox 763 3399 794 3451; x_wconf 83' lang='lat' dir='ltr'><strong>E.</strong></span> 
     </span>
    </p>

    <p class='ocr_par' dir='ltr' id='par_1_10' title="bbox 124 3477 1234 3556">
     <span class='ocr_line' id='line_1_30' title="bbox 124 3477 1234 3556; baseline 0.01 -24"><span class='ocrx_word' id='word_1_235' title='bbox 124 3497 265 3548; x_wconf 65' lang='lat' dir='ltr'><strong>povoc-</strong></span> <span class='ocrx_word' id='word_1_236' title='bbox 285 3482 404 3534; x_wconf 78' lang='grc' dir='ltr'><strong><em>Μᾶλλον</em></strong></span> <span class='ocrx_word' id='word_1_237' title='bbox 419 3483 459 3550; x_wconf 70' lang='lat' dir='ltr'><strong>(ln.</strong></span> <span class='ocrx_word' id='word_1_238' title='bbox 477 3499 499 3536; x_wconf 88' lang='lat' dir='ltr'><strong>e.</strong></span> <span class='ocrx_word' id='word_1_239' title='bbox 516 3497 589 3550; x_wconf 88' lang='lat' dir='ltr'><strong>quam</strong></span> <span class='ocrx_word' id='word_1_240' title='bbox 600 3481 665 3550; x_wconf 90' lang='lat' dir='ltr'><strong>apud</strong></span> <span class='ocrx_word' id='word_1_241' title='bbox 768 3483 793 3538; x_wconf 87' lang='grc'><strong>7.</strong></span> <span class='ocrx_word' id='word_1_242' title='bbox 816 3477 1111 3556; x_wconf 76' lang='grc' dir='ltr'><strong>ὦςπροεμηνύσαμεν]</strong></span> <span class='ocrx_word' id='word_1_243' title='bbox 1145 3487 1173 3541; x_wconf 77' lang='lat' dir='ltr'><strong>C.</strong></span> <span class='ocrx_word' id='word_1_244' title='bbox 1190 3487 1234 3543; x_wconf 65' lang='grc'><strong>82.</strong></span> 
     </span>
    </p>

    <p class='ocr_par' dir='ltr' id='par_1_11' title="bbox 124 3564 827 3638">
     <span class='ocr_line' id='line_1_31' title="bbox 124 3564 827 3638; baseline 0.007 -19"><span class='ocrx_word' id='word_1_245' title='bbox 124 3565 250 3619; x_wconf 84' lang='lat' dir='ltr'><strong>ludaeos:</strong></span> <span class='ocrx_word' id='word_1_246' title='bbox 271 3581 293 3620; x_wconf 91' lang='lat' dir='ltr'><strong>c.</strong></span> <span class='ocrx_word' id='word_1_247' title='bbox 313 3565 360 3636; x_wconf 81' lang='lat'><strong>53)</strong></span> <span class='ocrx_word' id='word_1_248' title='bbox 377 3566 407 3619; x_wconf 86' lang='lat' dir='ltr'><strong>ad</strong></span> <span class='ocrx_word' id='word_1_249' title='bbox 421 3564 664 3638; x_wconf 71' lang='grc' dir='ltr'><strong><em>πιστευθήσεσθαι</em></strong></span> <span class='ocrx_word' id='word_1_250' title='bbox 699 3582 724 3637; x_wconf 92' lang='lat' dir='ltr'><strong>p.</strong></span> <span class='ocrx_word' id='word_1_251' title='bbox 740 3567 782 3621; x_wconf 79' lang='grc'><strong>73.</strong></span> <span class='ocrx_word' id='word_1_252' title='bbox 796 3569 827 3624; x_wconf 85' lang='grc' dir='ltr'><strong>Β.</strong></span> 
     </span>
    </p>

    <p class='ocr_par' dir='ltr' id='par_1_12' title="bbox 123 3650 1234 3810">
     <span class='ocr_line' id='line_1_32' title="bbox 123 3650 1234 3727; baseline 0.006 -24"><span class='ocrx_word' id='word_1_253' title='bbox 123 3651 233 3705; x_wconf 81' lang='lat' dir='ltr'><strong>referas.</strong></span> <span class='ocrx_word' id='word_1_254' title='bbox 767 3653 793 3707; x_wconf 88' lang='lat'><strong>8.</strong></span> <span class='ocrx_word' id='word_1_255' title='bbox 813 3650 873 3710; x_wconf 71' lang='lat' dir='ltr'><strong>otu</strong></span> <span class='ocrx_word' id='word_1_256' title='bbox 949 3657 1107 3727; x_wconf 73' lang='grc' dir='ltr'><strong><em>σταφυλῆς]</em></strong></span> <span class='ocrx_word' id='word_1_257' title='bbox 1138 3656 1234 3710; x_wconf 83' lang='lat' dir='ltr'><strong>Genes.</strong></span> 
     </span>
     <span class='ocr_line' id='line_1_33' title="bbox 195 3731 864 3810; baseline 0.009 -21"><span class='ocrx_word' id='word_1_258' title='bbox 195 3734 221 3790; x_wconf 83' lang='lat'><strong>5.</strong></span> <span class='ocrx_word' id='word_1_259' title='bbox 249 3731 301 3789; x_wconf 75' lang='lat' dir='ltr'><strong>onis</strong></span> <span class='ocrx_word' id='word_1_260' title='bbox 326 3733 428 3792; x_wconf 72' lang='grc' dir='ltr'>ἐνόουν</span> <span class='ocrx_word' id='word_1_261' title='bbox 454 3734 578 3810; x_wconf 71' lang='grc' dir='ltr'><strong><em>ἀκριβῶς</em></strong></span> <span class='ocrx_word' id='word_1_262' title='bbox 602 3743 664 3804; x_wconf 77' lang='lat' dir='ltr'><strong>cic]</strong></span> <span class='ocrx_word' id='word_1_263' title='bbox 698 3735 864 3807; x_wconf 77' lang='lat' dir='ltr'><strong>49‚1osq..</strong></span> 
     </span>
    </p>

    <p class='ocr_par' dir='ltr' id='par_1_13' title="bbox 125 3815 1236 3894">
     <span class='ocr_line' id='line_1_34' title="bbox 125 3815 1236 3894; baseline 0.002 -22"><span class='ocrx_word' id='word_1_264' title='bbox 125 3818 160 3873; x_wconf 89' lang='lat' dir='ltr'><strong>ll.</strong></span> <span class='ocrx_word' id='word_1_265' title='bbox 173 3835 197 3872; x_wconf 85' lang='lat' dir='ltr'><strong>e.</strong></span> <span class='ocrx_word' id='word_1_266' title='bbox 215 3818 352 3874; x_wconf 84' lang='lat' dir='ltr'><strong>daemones</strong></span> <span class='ocrx_word' id='word_1_267' title='bbox 368 3840 471 3876; x_wconf 88' lang='lat' dir='ltr'><strong>sensum</strong></span> <span class='ocrx_word' id='word_1_268' title='bbox 489 3825 663 3878; x_wconf 84' lang='lat' dir='ltr'><strong>vaticiniorum</strong></span> <span class='ocrx_word' id='word_1_269' title='bbox 758 3823 784 3876; x_wconf 92' lang='lat'><strong>9.</strong></span> <span class='ocrx_word' id='word_1_270' title='bbox 804 3815 828 3893; x_wconf 72' lang='lat' dir='ltr'><strong>qi</strong></span> <span class='ocrx_word' id='word_1_271' title='bbox 844 3819 942 3889; x_wconf 65' lang='lat' dir='ltr'><strong>cirria]</strong></span> <span class='ocrx_word' id='word_1_272' title='bbox 954 3825 1078 3894; x_wconf 77' lang='lat' dir='ltr'><strong>Stephon.</strong></span> <span class='ocrx_word' id='word_1_273' title='bbox 1090 3825 1134 3891; x_wconf 87' lang='lat' dir='ltr'><strong>(ex</strong></span> <span class='ocrx_word' id='word_1_274' title='bbox 1145 3823 1236 3890; x_wconf 54' lang='lat' dir='ltr'><strong>Rea),</strong></span> 
     </span>
    </p>

    <p class='ocr_par' dir='ltr' id='par_1_14' title="bbox 125 3905 1237 3979">
     <span class='ocr_line' id='line_1_35' title="bbox 125 3905 1237 3979; baseline 0.004 -22"><span class='ocrx_word' id='word_1_275' title='bbox 125 3919 177 3958; x_wconf 94' lang='lat' dir='ltr'><strong>non</strong></span> <span class='ocrx_word' id='word_1_276' title='bbox 201 3905 434 3962; x_wconf 82' lang='lat' dir='ltr'><strong>rectecalluerunt.</strong></span> <span class='ocrx_word' id='word_1_277' title='bbox 470 3909 509 3964; x_wconf 81' lang='lat' dir='ltr'><strong>Gi.</strong></span> <span class='ocrx_word' id='word_1_278' title='bbox 528 3926 550 3965; x_wconf 83' lang='lat' dir='ltr'><strong>c.</strong></span> <span class='ocrx_word' id='word_1_279' title='bbox 568 3910 611 3964; x_wconf 73' lang='lat'><strong>55.</strong></span> <span class='ocrx_word' id='word_1_280' title='bbox 629 3937 664 3948; x_wconf 89' lang='lat'>-</span> <span class='ocrx_word' id='word_1_281' title='bbox 699 3906 795 3974; x_wconf 75' lang='lat' dir='ltr'><strong>Grab,</strong></span> <span class='ocrx_word' id='word_1_282' title='bbox 824 3909 937 3979; x_wconf 78' lang='lat' dir='ltr'><strong>Tlrirlb.,</strong></span> <span class='ocrx_word' id='word_1_283' title='bbox 964 3911 1127 3963; x_wconf 84' lang='lat' dir='ltr'><strong>Thalomann.</strong></span> <span class='ocrx_word' id='word_1_284' title='bbox 1148 3909 1237 3974; x_wconf 82' lang='lat' dir='ltr'><strong>legunt</strong></span> 
     </span>
    </p>

    <p class='ocr_par' dir='ltr' id='par_1_15' title="bbox 125 3983 1236 4062">
     <span class='ocr_line' id='line_1_36' title="bbox 125 3983 1236 4062; baseline 0.003 -20"><span class='ocrx_word' id='word_1_285' title='bbox 125 3989 276 4042; x_wconf 82' lang='lat' dir='ltr'><strong>Lactantius</strong></span> <span class='ocrx_word' id='word_1_286' title='bbox 305 3989 400 4045; x_wconf 89' lang='lat' dir='ltr'><strong>lnslitt.</strong></span> <span class='ocrx_word' id='word_1_287' title='bbox 430 3993 479 4046; x_wconf 88' lang='lat' dir='ltr'><strong>div.</strong></span> <span class='ocrx_word' id='word_1_288' title='bbox 502 3995 536 4046; x_wconf 96' lang='lat' dir='ltr'><strong>ll.</strong></span> <span class='ocrx_word' id='word_1_289' title='bbox 567 4010 589 4048; x_wconf 89' lang='lat' dir='ltr'><strong>c.</strong></span> <span class='ocrx_word' id='word_1_290' title='bbox 615 3991 663 4044; x_wconf 79' lang='lat'><strong>14:</strong></span> <span class='ocrx_word' id='word_1_291' title='bbox 700 3983 836 4056; x_wconf 67' lang='lat' dir='ltr'><strong>idedu,</strong></span> <span class='ocrx_word' id='word_1_292' title='bbox 865 4009 1013 4062; x_wconf 88' lang='lat' dir='ltr'><strong>quamquam</strong></span> <span class='ocrx_word' id='word_1_293' title='bbox 1037 4007 1124 4045; x_wconf 86' lang='lat' dir='ltr'><strong>omnes</strong></span> <span class='ocrx_word' id='word_1_294' title='bbox 1148 4007 1236 4045; x_wconf 81' lang='lat' dir='ltr'><strong>verum</strong></span> 
     </span>
    </p>

    <p class='ocr_par' dir='ltr' id='par_1_16' title="bbox 126 4074 1166 4146">
     <span class='ocr_line' id='line_1_37' title="bbox 126 4074 1166 4146; baseline 0.005 -21"><span class='ocrx_word' id='word_1_295' title='bbox 126 4074 240 4142; x_wconf 82' lang='lat' dir='ltr'><strong>„Sciunt</strong></span> <span class='ocrx_word' id='word_1_296' title='bbox 254 4075 290 4128; x_wconf 91' lang='lat' dir='ltr'><strong>illi</strong></span> <span class='ocrx_word' id='word_1_297' title='bbox 303 4075 403 4146; x_wconf 84' lang='lat' dir='ltr'><strong>quidem</strong></span> <span class='ocrx_word' id='word_1_298' title='bbox 418 4077 501 4130; x_wconf 84' lang='lat' dir='ltr'><strong>lotura</strong></span> <span class='ocrx_word' id='word_1_299' title='bbox 518 4078 606 4144; x_wconf 88' lang='lat' dir='ltr'><strong>multa,</strong></span> <span class='ocrx_word' id='word_1_300' title='bbox 619 4076 665 4129; x_wconf 83' lang='lat' dir='ltr'><strong>sed</strong></span> <span class='ocrx_word' id='word_1_301' title='bbox 700 4082 882 4142; x_wconf 77' lang='lat' dir='ltr'><strong>cognoverunt.</strong></span> <span class='ocrx_word' id='word_1_302' title='bbox 915 4078 977 4131; x_wconf 76' lang='lat' dir='ltr'><strong>vioe</strong></span> <span class='ocrx_word' id='word_1_303' title='bbox 993 4094 1015 4132; x_wconf 89' lang='lat' dir='ltr'><strong>c.</strong></span> <span class='ocrx_word' id='word_1_304' title='bbox 1033 4079 1077 4132; x_wconf 73' lang='lat'><strong>82.</strong></span> <span class='ocrx_word' id='word_1_305' title='bbox 1098 4091 1123 4130; x_wconf 90' lang='lat' dir='ltr'><strong>n.</strong></span> <span class='ocrx_word' id='word_1_306' title='bbox 1140 4076 1166 4130; x_wconf 81' lang='grc'><strong>8.</strong></span> 
     </span>
    </p>

    <p class='ocr_par' dir='ltr' id='par_1_17' title="bbox 125 4158 1237 4230">
     <span class='ocr_line' id='line_1_38' title="bbox 125 4158 1237 4230; baseline 0.004 -20"><span class='ocrx_word' id='word_1_307' title='bbox 125 4173 178 4210; x_wconf 89' lang='lat' dir='ltr'><strong>non</strong></span> <span class='ocrx_word' id='word_1_308' title='bbox 197 4159 299 4226; x_wconf 87' lang='lat' dir='ltr'><strong>omnia,</strong></span> <span class='ocrx_word' id='word_1_309' title='bbox 333 4163 426 4230; x_wconf 86' lang='lat' dir='ltr'><strong>quippe</strong></span> <span class='ocrx_word' id='word_1_310' title='bbox 452 4164 542 4230; x_wconf 85' lang='lat' dir='ltr'><strong>quibus</strong></span> <span class='ocrx_word' id='word_1_311' title='bbox 562 4163 664 4230; x_wconf 86' lang='lat' dir='ltr'><strong>penitus</strong></span> <span class='ocrx_word' id='word_1_312' title='bbox 778 4161 819 4214; x_wconf 92' lang='lat' dir='ltr'><strong>1o.</strong></span> <span class='ocrx_word' id='word_1_313' title='bbox 848 4158 899 4216; x_wconf 77' lang='grc' dir='ltr'><strong>τὸν</strong></span> <span class='ocrx_word' id='word_1_314' title='bbox 917 4164 1014 4218; x_wconf 77' lang='grc' dir='ltr'><strong><em>πῶλον</em></strong></span> <span class='ocrx_word' id='word_1_315' title='bbox 1037 4160 1139 4226; x_wconf 74' lang='grc' dir='ltr'><strong>αὐτοῦ]</strong></span> <span class='ocrx_word' id='word_1_316' title='bbox 1173 4162 1237 4215; x_wconf 84' lang='lat' dir='ltr'><strong>Post</strong></span> 
     </span>
    </p>

    <p class='ocr_par' dir='ltr' id='par_1_18' title="bbox 125 4243 1235 4316">
     <span class='ocr_line' id='line_1_39' title="bbox 125 4243 1235 4316; baseline 0.002 -18"><span class='ocrx_word' id='word_1_317' title='bbox 125 4243 261 4298; x_wconf 86' lang='lat' dir='ltr'><strong>consilium</strong></span> <span class='ocrx_word' id='word_1_318' title='bbox 279 4243 320 4298; x_wconf 82' lang='lat' dir='ltr'><strong>dei</strong></span> <span class='ocrx_word' id='word_1_319' title='bbox 334 4247 400 4299; x_wconf 82' lang='lat' dir='ltr'><strong>scire</strong></span> <span class='ocrx_word' id='word_1_320' title='bbox 415 4261 466 4300; x_wconf 92' lang='lat' dir='ltr'><strong>non</strong></span> <span class='ocrx_word' id='word_1_321' title='bbox 481 4247 551 4316; x_wconf 81' lang='lat' dir='ltr'><strong>licet,</strong></span> <span class='ocrx_word' id='word_1_322' title='bbox 567 4251 592 4300; x_wconf 81' lang='lat' dir='ltr'><strong>et</strong></span> <span class='ocrx_word' id='word_1_323' title='bbox 608 4246 664 4299; x_wconf 85' lang='lat' dir='ltr'><strong>ideo</strong></span> <span class='ocrx_word' id='word_1_324' title='bbox 699 4246 745 4300; x_wconf 88' lang='lat' dir='ltr'><strong>has</strong></span> <span class='ocrx_word' id='word_1_325' title='bbox 766 4261 839 4301; x_wconf 83' lang='lat' dir='ltr'><strong>voces</strong></span> <span class='ocrx_word' id='word_1_326' title='bbox 854 4248 967 4305; x_wconf 83' lang='lat' dir='ltr'><strong>lustinus</strong></span> <span class='ocrx_word' id='word_1_327' title='bbox 989 4254 1032 4304; x_wconf 81' lang='lat' dir='ltr'><strong>eut</strong></span> <span class='ocrx_word' id='word_1_328' title='bbox 1046 4249 1182 4304; x_wconf 82' lang='lat' dir='ltr'><strong>memoriae</strong></span> <span class='ocrx_word' id='word_1_329' title='bbox 1197 4247 1235 4301; x_wconf 86' lang='lat' dir='ltr'><strong>la·</strong></span> 
     </span>
    </p>
   </div>
   <div class='ocr_carea' id='block_1_6' title="bbox 0 0 1463 4774">
    <p class='ocr_par' dir='ltr' id='par_1_19' title="bbox 0 0 1463 4774">
     <span class='ocr_line' id='line_1_40' title="bbox 0 0 1463 4774; baseline 0 0"><span class='ocrx_word' id='word_1_330' title='bbox 0 0 1463 4774; x_wconf 95' lang='lat' dir='ltr'><strong> </strong></span> 
     </span>
    </p>
   </div>
  </div>
 </body>
</html>
