2910 4774
562 259 771 324 Arctoum
802 259 826 320 I.
1179 257 1240 327 157
1301 259 1311 284 ⁶

219 432 270 494 66.
290 431 395 508 Atque
418 430 480 493 boc
504 433 683 494 alimentum
703 433 788 510 apud
807 447 866 492 nos
891 432 1024 494 vocatur
1040 431 1250 512 eucharistia„

131 541 220 604 cuius
237 543 317 602 nulli
335 543 391 602 alii
412 543 490 602 licet
512 559 584 604 csse
600 543 750 621 participi
769 543 832 602 uisi
847 543 899 619 qui
916 543 1024 602 credat
1045 559 1152 602 veram
1169 559 1241 603 esse

133 653 306 712 doctrinam
321 654 479 730 nostram,
502 655 534 712 et
557 653 613 714 illo
632 653 673 712 ad
695 653 912 712 remissionem
927 653 1128 730 peccatorum
1150 652 1243 712 etad
1293 667 1298 684 ·

132 763 406 840 regenerationem
426 763 556 823 lavacro
578 762 704 822 ablutus
727 761 839 839 fuerit,
872 764 905 822 et
927 763 972 821 ita
991 763 1078 822 vivat
1098 763 1132 822 ut
1148 759 1243 820 Chri-

133 875 203 933 stus
223 873 362 932 tradidit.
404 870 473 932 Non
497 873 577 932 enim
599 875 634 932 ut
649 888 838 932 communem
853 889 964 948 panem
980 873 1133 946 nequent
1155 888 1243 930 eom·

132 999 255 1044 munem
270 984 377 1058 potum
392 981 454 1040 ista
467 982 630 1042 sumimus:
656 983 714 1041 sed
736 981 991 1058 quemadmodum
1006 998 1065 1058 per
1078 981 1175 1058 logon
1192 981 1244 1040 dei

133 1109 210 1152 caro
235 1091 337 1150 factus
360 1091 449 1152 Iesus
469 1091 612 1152 Christus
632 1093 775 1150 salvator
794 1093 902 1150 nostor
918 1093 951 1150 et
975 1108 1100 1150 earnem
1116 1093 1148 1149 et
1168 1107 1244 1150 san-

133 1202 259 1278 guinem
279 1201 391 1260 habuit
416 1189 528 1260 salutis
550 1203 679 1266 nostrae
699 1219 812 1278 causa,
832 1202 878 1260 sio
900 1203 993 1260 etiam
1009 1201 1042 1260 id
1056 1201 1087 1258 in
1108 1215 1169 1275 quo
1185 1215 1244 1276 per

133 1328 262 1390 precem
278 1311 378 1387 ipsius
393 1311 492 1369 verba
504 1311 711 1370 coutinentem
726 1313 849 1388 gratiae
864 1313 954 1372 actae
971 1313 1044 1372 sunt
1055 1310 1244 1384 alimentum,

134 1437 177 1480 ex
193 1437 253 1496 quo
270 1421 398 1497 sanguis
420 1421 452 1479 et
468 1438 580 1480 earnes
596 1423 725 1480 nostrae
743 1437 800 1498 per
814 1423 1015 1480 mutationem
1030 1420 1169 1496 aluntur,
1193 1419 1245 1476 in-

134 1531 257 1590 carnati
277 1531 363 1590 illius
383 1527 457 1590 Iesu
475 1533 507 1590 et
525 1548 648 1591 earnem
672 1533 704 1590 et
719 1532 900 1608 sanguinem
922 1547 993 1590 esse
1009 1529 1114 1588 edocti
1130 1545 1244 1587 sumus.

134 1639 214 1700 Nam
242 1640 379 1717 apostoli
399 1641 430 1698 in
457 1624 686 1700 commentariis
711 1658 730 1700 a
752 1657 787 1700 se
814 1639 960 1716 scriptis,
989 1654 1069 1712 quae
1092 1639 1246 1696 vocantur

136 1750 315 1826 evangelia,
338 1751 383 1810 ita
399 1750 598 1810 tradiderunt
615 1751 676 1810 sibi
690 1751 867 1812 mandatum
884 1767 973 1810 esse:
995 1747 1097 1806 lesum
1113 1748 1245 1823 accepto

135 1877 235 1938 pane,
259 1877 352 1935 quum
375 1860 495 1937 gratias
516 1835 652 1938 egisset,
676 1861 810 1920 dixisse:
834 1855 906 1920 Hoc
919 1851 1029 1943 facite
1045 1853 1079 1917 in
1094 1851 1247 1916 recordo-

135 1967 255 2032 tionem
277 1965 340 2030 mei
346 2012 357 2042 ,
382 1965 442 2030 hoc
463 1970 513 2031 est
538 1990 655 2050 corpus
668 1989 785 2041 meum3
811 1971 843 2028 et
858 1969 972 2046 poculo
990 1967 1135 2027 similiter
1153 1982 1247 2024 acoe-

135 2084 194 2160 pto
211 2081 352 2158 actisque
366 2080 478 2156 gratiis
496 2081 631 2167 dixisse:
657 2077 724 2144 Hic
738 2081 786 2146 est
803 2075 935 2161 coarguis
953 2095 1041 2139 meus
1055 2107 1098 2120 -
1112 2093 1148 2136 ac
1168 2076 1246 2135 solis

138 2279 264 2347 φταθατ,
284 2293 336 2332 non
357 2275 430 2333 acrei
451 2279 604 2334 κοινωνίαν
619 2293 675 2332 uuo-
709 2278 737 2330 in
757 2277 884 2332 codicibus
905 2277 978 2331 mstis
992 2279 1018 2330 et
1035 2274 1110 2330 editis
1126 2273 1247 2343 (excepto

138 2363 193 2431 du).
223 2363 302 2416 Addit
317 2367 401 2417 autern
415 2365 528 2418 lustinus
543 2363 610 2417 istud
624 2383 676 2416 κα·
710 2361 886 2432 Troilopianu)
908 2361 972 2414 male
989 2361 1025 2412 sic
1041 2359 1246 2426 distinguuntur:
1355 2360 1365 2378 ’

137 2444 176 2501 τὰ
192 2445 367 2517 μεταβολήν,
395 2464 465 2501 suam
482 2451 676 2503 utsententiam
713 2443 879 2510 ...adroic
900 2441 951 2502 adv
972 2445 1091 2512 Ῑηαοῦν,
1124 2442 1270 2515 λαβόντα,

56 2587 59 2592 ,
139 2531 252 2584 declaret
272 2532 303 2585 de
324 2534 464 2587 instaurata
486 2549 534 2602 per
553 2535 623 2586 ilium
639 2535 677 2590 ci·
711 2525 800 2598 ἄρτον
814 2536 877 2588 etr..
893 2560 929 2571 -
953 2531 1037 2596 Quint
1053 2531 1091 2582 Tu
1099 2530 1249 2597 partientem

137 2616 198 2668 bum
215 2621 304 2669 natura
321 2617 438 2671 bumana.
477 2617 547 2671 idem
563 2623 678 2673 statuunt
711 2617 760 2672 cci
777 2617 916 2670 conieceris
930 2615 1064 2683 participio
1084 2608 1249 2682 εὖχαριστὴ·

138 2700 253 2766 lgnatius
273 2702 304 2754 ad
324 2703 421 2771 Epiros.
438 2719 460 2756 c.
477 2704 512 2755 20
533 2708 558 2756 et
580 2704 610 2757 ad
623 2705 677 2757 Ro·
713 2719 803 2758 σαντα
823 2698 1033 2770 praemittendam
1058 2714 1132 2765 esse,
1159 2714 1247 2764 quem-

139 2801 207 2840 man.
227 2801 250 2839 e.
265 2785 292 2854 7,
311 2791 386 2856 atque
401 2789 523 2840 irenaeus
541 2788 597 2842 adv.
615 2789 677 2842 hae·
712 2783 844 2840 admodum
870 2783 945 2852 pauiu
965 2787 1039 2851 post:
1067 2777 1173 2850 ὁμοίως
1195 2788 1247 2838 λα-

138 2885 193 2922 res.
212 2871 256 2924 lV.
274 2887 296 2925 c.
315 2873 356 2926 18.
378 2874 404 2940 §.
419 2871 435 2923 5
452 2877 478 2926 et
493 2873 523 2926 V.
540 2889 562 2926 c.
578 2872 605 2925 2.
621 2870 679 2941 §.2
712 2867 801 2938 βόντα
824 2867 873 2921 καὶ
897 2861 1145 2936 εὖχαριστήσαντα.
1184 2866 1259 2924 biiiri'

139 2970 192 3023 sq„
204 2957 370 3025 respicientes
387 2956 537 3009 hauddubie
552 2955 583 3008 ad
595 2957 678 3009 locum
712 2972 763 3011 non
787 2958 827 3008 est
849 2953 950 3006 dubium
969 2954 1029 3020 quin
1048 2954 1150 3020 uulgata
1171 2955 1247 3008 lectio

141 3041 264 3106 evangelii
280 3039 405 3109 ioann.6,
417 3039 450 3092 54
461 3056 539 3108 squ:
557 3035 589 3096 Ὀ
606 3039 678 3109 aad·
712 3055 772 3093 uera
793 3039 835 3092 sit.
866 3037 929 3089 Luc.
945 3038 988 3106 26,
1009 3037 1057 3090 19:
1081 3036 1177 3108 λαβών
1197 3032 1248 3107 ἅρ-

139 3142 197 3192 yma
226 3141 282 3190 μον
306 3121 360 3193 τήν
388 3121 479 3192 νάρκα
503 3127 553 3182 καὶ
586 3130 678 3182 πίνων
712 3116 979 3190 τονεῦχαριστήσᾱθ
995 3121 1119 3178 ἔκλασεν·

140 3226 197 3277 poe
220 3204 252 3262 τ6
284 3205 354 3276 αἷμα
379 3207 433 3278 ἔχει
456 3207 530 3281 ζωήν
560 3207 678 3268 αἰώνιον
784 3207 809 3262 5·
831 3207 924 3266 Τοῦτο
999 3204 1078 3277 663μᾶ
1096 3213 1164 3278 pou]
1183 3207 1247 3266 Luc.

142 3298 207 3349 cte..
713 3292 761 3361 22,-
778 3292 875 3362 resq..

209 3377 236 3431 t.
252 3369 410 3433 ἃναλτῖται
426 3369 582 3450 εὐαγγέλια]
598 3383 679 3436 Forte
782 3376 808 3431 6·
834 3373 922 3432 τοῦτο’
949 3372 1018 3441 3⁶2⁴]
1044 3377 1087 3430 Sit
1110 3379 1247 3434 Βῐΰῑὶῑῑῑῑῑῠ·

142 3464 202 3515 sunt
220 3463 262 3530 qui
279 3463 398 3517 audacter
418 3467 467 3520 ista
485 3467 562 3520 rerba
579 3481 679 3536 expun-
714 3458 1003 3517 Thirlbiustodr’tou.
1020 3459 1249 3530 Trullopiusecdt'

143 3551 234 3613 gerent
247 3548 330 3600 etsibi
346 3551 535 3614 gratularentur
547 3552 578 3606 de
591 3568 679 3606 euren-
714 3543 781 3602 ἔστι.
815 3547 893 3604 Codd.
921 3550 981 3602 nisti
1003 3545 1064 3616 (sed
1087 3547 1162 3614 paulo
1185 3549 1251 3602 inira

142 3630 253 3686 datione.
275 3632 678 3706 SaneSeirleiermacbero(Eio-
712 3636 784 3686 recte
799 3630 910 3687 τοῦτό
932 3629 1012 3688 ἐστι
1037 3624 1071 3685 τὰ
1092 3629 1164 3700 αἷμά
1182 3637 1249 3701 μον)

142 3718 241 3785 leituap
262 3720 306 3771 ios
328 3719 400 3771 Nece
424 3719 588 3787 statuerumt,
617 3721 679 3774 ber·
714 3719 858 3786 caeterique
874 3717 986 3770 editores
1001 3713 1137 3769 τουτέστι.

143 3816 247 3867 uusgeg.
263 3819 312 3856 uon
330 3804 362 3858 G.
374 3804 472 3858 Wolde.
497 3805 583 3860 Berul.
602 3803 678 3858 1845.
782 3799 809 3856 7.
831 3795 1057 3867 Τοῦτό...αἷμὰ
1070 3803 1139 3866 μον]
1157 3800 1248 3856 Marti.
1266 3853 1270 3868 ‚

141 3900 169 3954 p.
185 3885 232 3956 71)
252 3889 361 3954 glossam
382 3889 500 3942 videntur
519 3889 597 3944 ciere.
628 3889 678 3942 Ve·
713 3883 757 3954 26,
776 3885 819 3940 98.
844 3913 880 3925 -
912 3885 1055 3953 Troilopius
1075 3883 1154 3936 edidit
1174 3879 1250 3938 τοῦτ’

142 3985 199 4022 rum
224 3973 287 4024 nibil
306 3979 385 4028 muto.
406 3975 472 4028 Dial.
488 3990 509 4028 τ.
526 3974 569 4027 Tr.
598 3989 620 4026 c.
637 3972 678 4024 10.
716 3968 773 4025 ἔστι
786 3968 856 4039 (vide
873 3983 900 4020 n.
915 3965 956 4036 6).
982 3969 1102 4021 Maranus
1118 3958 1251 4021 articiuluur

142 4069 169 4122 p.
184 4055 244 4110 227.
266 4057 303 4110 G:
321 4055 351 4112 ἐν
365 4057 404 4128 τῷ
417 4056 554 4130 λεγομένῳ
569 4053 682 4124 stuppe-
704 4052 749 4112 ‘vd
761 4059 820 4109 autc
836 4049 908 4120 αἷμα
918 4067 1005 4105 errore
1020 4052 1200 4119 praetermisit.
1216 4079 1252 4090 --

143 4139 203 4210 tto.
222 4140 251 4197 C.
273 4143 332 4196 100.
348 4159 374 4212 p.
390 4142 451 4198 326.
470 4143 509 4196 D:
528 4139 558 4198 ἐν
574 4141 614 4212 τῷ
631 4135 680 4194 eri-
715 4138 904 4194 Μεταδοῦναι
921 4136 976 4190 scil.
1001 4152 1064 4205 quae
1085 4141 1160 4190 autea
1175 4135 1251 4190 chri-

142 4227 269 4300 oryrtip.
287 4257 321 4268 -
359 4229 441 4284 Verba
457 4243 520 4298 quae
539 4228 682 4296 sequuntur
716 4227 772 4279 stus
787 4223 899 4279 retertur
911 4219 1016 4276 dixisse.
