2900 4776
521 201 741 270 Arolonln·
761 204 784 268 Ι.
1182 208 1226 276 91

114 370 176 442 trac
190 371 224 434 in
242 387 278 434 rc
301 371 518 450 imitaremur.¹
547 375 722 438 Ridiculum
744 392 819 438 sane
836 375 938 456 foret,
959 379 994 440 ut
1009 379 1154 444 obstricti
1169 398 1224 444 sa·

113 485 276 544 eramento
290 501 309 544 a
323 484 415 546 vobis
430 485 463 544 et
478 478 648 564 conscripti
660 487 775 548 milites
789 489 882 550 tidem
895 489 987 550 vobis
1003 492 1117 570 datam,
1132 509 1224 569 quum

112 593 194 653 nihil
209 595 429 672 illispossitis
444 550 618 766 incortgpti
641 598 814 676 praebere,
838 602 871 658 et
889 618 965 662 suae
981 602 1122 678 ipsorum
1138 603 1224 664 vitae

113 705 147 764 et
177 705 364 781 parentibus
383 707 418 764 et
439 706 543 782 patria
586 709 619 766 et
635 709 775 768 omnibus
800 709 986 786 propinquis
1016 714 1223 790 praeponant,

111 829 171 873 nos
195 816 316 892 autem,
346 816 400 891 qui
422 815 665 894 incorruptionis
679 818 784 894 cupidi
802 834 923 896 sumus,
944 835 1006 879 non
1026 821 1129 879 omnia
1145 838 1223 898 per·

111 921 254 986 ieramus
275 928 310 986 ut
325 927 435 1005 optata
447 927 487 986 ab
502 943 541 986 oo
560 943 786 1004 consequamur
808 928 861 1003 qui
874 929 981 1006 potest
996 929 1162 1008 praebere.

200 1138 252 1198 10.
277 1135 394 1198 Audite
418 1137 572 1214 quomodo
591 1139 685 1199 etiam
709 1139 747 1200 do
763 1139 802 1200 iis
824 1141 1018 1226 praedictum
1032 1141 1073 1202 sit
1090 1141 1143 1218 qui
1162 1142 1222 1202 do-

109 1245 246 1306 ctrinam
263 1249 330 1307 eius
345 1250 568 1326 praedicarunt
587 1251 620 1308 et
640 1249 806 1310 adventum
820 1252 1018 1328 nuntiarunt,
1040 1251 1222 1329 supradicto

108 1356 274 1434 propheta
296 1360 329 1417 ot
344 1375 421 1436 rege
438 1359 483 1418 sic
499 1359 621 1420 dicente
641 1377 700 1437 per
718 1360 937 1438 propheticum
952 1361 1112 1436 spiritum:
1138 1357 1224 1422 Dies

109 1462 184 1528 diei
199 1467 328 1530 eructat
342 1465 486 1542 verbnm,
509 1469 543 1532 et
560 1487 626 1530 nox
639 1466 726 1531 nocti
742 1449 916 1532 adnuntiat
931 1467 1108 1532 scientiam.
1146 1465 1223 1532 Non

108 1577 190 1640 sunt
208 1573 353 1660 loquelae
376 1596 477 1662 neque
491 1597 668 1653 sermones,
699 1597 830 1661 quorum
847 1597 910 1639 noo
925 1575 1102 1641 audiantur
1119 1597 1222 1640 noces.

6 1685 7 1690 ’
111 1681 153 1748 In
179 1705 297 1749 omnem
319 1685 441 1750 terram
462 1685 544 1750 extit
563 1707 660 1753 sonos
682 1705 788 1750 eornm
814 1689 846 1750 et
865 1685 899 1748 in
909 1682 1003 1772 sines
1026 1683 1112 1749 orbis
1126 1684 1223 1750 cerba
1303 1665 1305 1672 ,

109 1814 234 1858 eorum.
277 1790 318 1857 Io
332 1794 399 1860 sote
413 1796 523 1882 posuit
538 1793 890 1871 internectionem,
911 1798 942 1861 et
956 1795 1036 1881 ipse,
1060 1797 1222 1880 tamquam

107 1924 248 1991 sponsos
260 1904 439 1991 procedens
452 1905 492 1970 de
507 1905 649 1972 tlalamo
664 1927 732 1982 suo,
747 1902 925 1968 exsultabit
938 1907 974 1968 ot
985 1904 1080 1988 gigas
1092 1904 1137 1971 oct
1150 1925 1222 1980 cor,-

35 1995 41 2002 ’
107 2013 249 2078 rendam
267 2016 361 2080 viam.
388 2019 443 2079 His
460 2022 562 2080 antem
583 2019 647 2078 alia
664 2033 787 2094 quoque
803 2017 904 2076 verba
920 2033 979 2094 per
998 2017 1138 2076 eumdem
1154 2017 1221 2078 Da-

108 2129 219 2188 videm
233 2131 453 2207 praenuntiata
469 2131 605 2190 adiicere
620 2127 818 2205 praeclarum
831 2125 963 2186 ethuius
977 2127 1040 2186 loci
1057 2128 1221 2204 proprium

109 2240 275 2317 duximnS,
298 2257 340 2299 ex
360 2239 471 2316 quibus
488 2239 610 2298 disoeno
628 2236 763 2314 potestis
782 2236 936 2310 quomodo
951 2227 1092 2296 homines
1110 2237 1221 2298 vivero

107 2349 318 2427 propheticus
335 2350 464 2426 spiritus
480 2349 634 2423 hortetur,
655 2347 720 2406 tum
735 2347 888 2422 quomodo
905 2345 1020 2406 factam
1036 2346 1075 2405 ab
1094 2345 1220 2406 Herode

107 2475 190 2535 rege
212 2458 400 2519 Iudaeorum
423 2461 455 2518 et
477 2457 702 2536 ipsis'ludaeis
722 2473 789 2516 cum
809 2455 913 2515 Pilato
937 2456 1046 2514 vostro
1063 2456 1148 2536 apud
1164 2473 1220 2518 eos

107 2571 322 2646 procuratore
346 2587 414 2630 oum
441 2569 508 2628 eius
530 2567 680 2626 militibus
702 2567 858 2626 advorsus
878 2564 1036 2626 Christum
1055 2567 1221 2626 coitionem

107 2680 239 2756 narret,
262 2679 374 2738 deinde
392 2679 540 2738 antemio
556 2693 625 2738 eum
643 2677 819 2736 credituros
836 2673 935 2734 fuisse
951 2676 1086 2734 exomni
1101 2693 1220 2752 genere

107 2789 272 2865 homines,
301 2803 399 2866 porro
425 2788 516 2848 deum
540 2787 637 2847 tilium
662 2803 732 2846 eum
755 2800 871 2844 vocare
894 2800 931 2842 ac
949 2785 1096 2860 polliceri
1110 2786 1219 2852 subic÷

108 2901 234 2960 cturum
257 2913 293 2958 se
314 2898 345 2958 ei
368 2913 474 2958 omnes
497 2897 653 2975 inimicos,
675 2897 845 2974 praeterea
863 2893 1017 2970 quomodo
1042 2885 1219 2973 daemonas,

107 3106 202 3159 initui
216 3105 331 3159 omnibus
347 3105 511 3158 sacramentis
526 3103 648 3173 adiicere·
684 3104 750 3159 olant
774 3120 797 3158 n.
817 3103 885 3172 Allo.
902 3101 1123 3169 Kirchoozeitonp
1141 3099 1216 3156 1831.

106 3193 170 3242 tur:
189 3190 279 3256 Neque
291 3205 331 3242 me
346 3189 490 3257 liberosque
505 3192 648 3242 mensche—
683 3189 715 3244 Ν.
732 3187 756 3243 1.
779 3203 805 3266 p.
822 3189 853 3240 4:
880 3187 974 3256 „Diose
995 3181 1168 3252 Vermuthung
1184 3186 1219 3238 ist

106 3279 197 3330 riores
220 3264 321 3328 habeto
344 3289 422 3342 prom
442 3274 535 3326 Caium
557 3279 583 3328 et
604 3289 648 3328 so·
683 3273 851 3342 dbertldssig;
870 3273 958 3333 καλῶς
972 3268 1034 3338 ἔχον
1046 3272 1240 3348 1111ος190119ς

106 3375 186 3414 rores
203 3357 290 3412 eios.“
684 3353 775 3422 ObJect
790 3373 821 3409 zu
835 3359 1032 3426 icloytopsdn:
1048 3353 1119 3424 ἔχειν
1131 3357 1218 3410 wirto

189 3445 214 3496 1.
241 3437 458 3510 προειρημένου]
494 3441 523 3496 C.
546 3439 590 3495 35.
621 3455 647 3510 p.
684 3456 747 3506 ganz
770 3439 885 3495 dasselbe
901 3459 995 3510 sagon,
1021 3441 1073 3494 und
1092 3442 1219 3494 zwischen

105 3525 151 3581 76.
170 3527 203 3579 Β.
683 3525 774 3578 beiden
790 3526 966 3580 Redensarten
982 3529 1016 3580 ist
1034 3527 1094 3579 ketn
1111 3527 1219 3579 anderen

178 3610 205 3664 2.
225 3602 471 3677 Ἥμέρα...ὁ(1ο’ν]
499 3605 649 3672 Psalmis,
683 3609 852 3664 Untersohied
872 3613 909 3674 als
929 3609 1054 3666 zrrischen
1075 3611 1131 3662 dem
1144 3609 1217 3660 latei:

106 3695 202 3748 2-5.
235 3697 289 3748 lam
309 3696 403 3748 Paulus
419 3694 492 3746 Rom.
512 3693 553 3758 10,
572 3691 649 3744 1811·
684 3695 789 3748 nischen
807 3697 929 3762 polentam
949 3711 1005 3748 esso
1024 3697 1144 3748 donimus
1166 3690 1218 3744 und

104 3778 152 3834 lud
175 3771 273 3834 corda
291 3771 379 3848 (ψ’.·1.
397 3781 420 3831 c.'
440 3775 471 3846 4)
494 3777 525 3828 od
546 3781 649 3846 aposto·
680 3780 803 3846 prolectam
817 3779 968 3834 duximus.“

105 3865 265 3919 ¹⁰⁵10tfflit·
751 3901 776 3958 4.
793 3897 879 3974 τήν...
889 3903 1059 3968 συνέλευσιν]
1072 3903 1134 3958 0011.
1145 3902 1216 3956 Acti.
1243 3959 1246 3964 ff

174 3989 201 4045 3.
223 3986 403 4058 ἔχον]1)ιιίε.
425 3995 451 4044 et
465 3991 561 4044 Brenn.
578 3985 649 4062 tzion
683 3993 765 4056 apost.
787 3987 813 4056 4,
829 3989 872 4043 27.

107 4074 274 4133 scribendum
291 4075 460 4142 suspicantur.
480 4077 580 4156 'Contra
593 4091 648 4128 mo·
753 4071 779 4126 5.
802 4067 831 4128 tu
852 4069 959 4134 παντὸς
975 4069 1089 4140 γένονς1
1112 4067 1174 4122 vide
1193 4085 1215 4123 c.

106 4165 161 4234 net·
178 4173 273 4212 censor
295 4159 323 4210 in
350 4159 470 4230 Theodec.
500 4159 649 4216 Moratur-
685 4159 708 4214 1.
725 4175 750 4212 n.
767 4157 793 4213 7.
866 4198 893 4210 -

153 4255 222 4320 nl.
245 4255 281 4316 Ρ.
297 4254 322 4316 Ι.
1012 4254 1032 4311 't
