2900 4776
533 225 741 292 Aeouoalh
769 227 793 291 1.
1173 231 1218 298 99

104 394 254 477 quantum
269 393 301 455 in
315 395 395 475 ipsis
411 399 461 458 est
470 443 478 478 ‚
499 402 642 478 parentis
659 402 877 464 universorum
893 404 926 464 ot
941 403 1055 465 domim
1069 403 1120 466 (lei
1134 405 1215 484 ipsi-

102 521 205 582 usque
221 503 339 566 Christi
355 509 545 584 potestatem
565 511 704 589 effugere
717 516 886 592 sonentur,
911 514 1044 592 denique
1060 518 1215 592 quomodo

102 616 183 696 dous
201 632 307 676 omues
322 619 411 696 prius
432 620 472 679 ad
493 623 717 697 poenitentiam
734 626 828 684 voeet
842 641 934 700 qaam
950 625 1139 708 dies'iudioii
1154 629 1214 688 ad·

100 728 220 787 veniat.
264 726 316 787 Siu
336 731 440 789 autom
463 734 536 790 sunt
558 732 657 792 diota:
688 728 815 796 Beatus
837 731 888 796 uir
909 731 1046 818 quinon
1066 738 1214 799 uersutus

100 838 153 900 est
167 835 202 899 in
227 835 360 901 consitio
383 837 552 924 impiorum
571 860 672 925 neque
691 839 726 903 in
749 841 802 906 oio
822 845 1029 928 peccatorum
1047 843 1140 908 stetit
1157 865 1209 909 ne·
1299 926 1303 935 Ι

100 967 164 1030 que
187 945 222 1010 in
241 945 397 1011 cathedra
418 947 677 1032 pestilentiarum
699 949 805 1028 sedit,
826 951 887 1016 sed
907 952 998 1017 auius
1013 951 1161 1018 uoluntas
1176 953 1212 1018 in

99 1055 173 1140 tege
197 1055 335 1135 domini,
366 1061 399 1123 et
417 1057 451 1122 iu
477 1057 547 1144 tege
570 1059 639 1124 eius
662 1059 872 1126 meditabitur
895 1061 950 1127 die
969 1084 1008 1128 oe
1025 1065 1126 1126 noete.
1159 1060 1211 1126 Et

98 1165 165 1230 erit
180 1169 342 1253 tamquam
360 1166 479 1252 tignum
495 1167 680 1255 plautatum
699 1169 745 1234 od
760 1170 915 1237 decursus
928 1193 1102 1258 uquarum,
1123 1170 1211 1256 quod

88 1276 244 1368 fructum
258 1299 348 1342 surim
365 1276 460 1343 dubit
475 1282 617 1366 tempore
630 1300 704 1357 suo,
728 1284 759 1344 et
773 1277 895 1369 sotium
910 1280 979 1347 eius
996 1302 1058 1345 uon
1076 1280 1209 1372 defluet,

98 1392 134 1454 et
153 1387 260 1452 omnia
282 1409 486 1474 qrroecunque
493 1387 603 1477 saciet
613 1389 903 1477 prosperabuntur.
947 1390 1022 1457 Non
1040 1389 1089 1454 sie
1103 1390 1208 1476 impii,

95 1520 162 1564 non
184 1499 250 1576 sie,
274 1497 334 1562 sed
358 1501 517 1584 tamquam
532 1498 661 1580 puluis,
683 1521 773 1585 quem
790 1501 924 1587 proiicit
945 1503 1057 1566 uentus
1078 1521 1098 1564 a
1111 1496 1208 1586 socie

95 1612 224 1682 terram·
253 1607 376 1672 idcirco
395 1629 459 1672 uon
480 1589 653 1693 resurgent
668 1608 763 1696 impii
781 1609 815 1672 in
839 1608 962 1674 iudicio
977 1630 1077 1694 neque
1090 1628 1207 1694 pecea-

96 1722 187 1784 tores
207 1717 242 1781 in
261 1715 396 1782 consilio
417 1717 589 1795 iustorum,
615 1717 692 1803 quia
716 1718 803 1783 nooit
829 1715 976 1782 domiuus
995 1718 1079 1783 uiam
1102 1717 1206 1782 iusto·

94 1849 185 1904 rum,
207 1831 239 1892 et
252 1827 305 1892 oio
323 1827 495 1915 impiorum
507 1827 640 1911 peribit.
686 1833 793 1904 Quare
800 1824 1008 1916 fremuerunt
1027 1830 1154 1912 gentes,
1174 1829 1205 1891 et

90 1937 215 2026 populi
227 1937 375 2003 meditati
387 1941 463 2002 sunt
476 1936 582 2002 nouo?
597 1937 804 2004 Adstiterunt
818 1959 912 2022 reges
927 1941 1045 2015 terrae,
1068 1941 1100 2002 et
1113 1935 1204 2023 prin-

94 2049 187 2136 cipes
205 2051 421 2114 'conuenerunt
439 2042 632 2135 eodemsine
652 2033 808 2114 aduersum
824 2049 985 2113 dominum
1001 2051 1033 2113 et
1047 2045 1204 2112 aduersus

97 2159 264 2224 Christum
279 2157 359 2234 eius,
380 2155 542 2223 dieentes:
554 2156 802 2245 Disrumpamus
817 2157 946 2224 oinoula
959 2179 1067 2224 eorum
1081 2159 1113 2222 et
1128 2175 1203 2242 pro·

92 2267 246 2334 iiciamus
264 2290 285 2333 o
300 2267 391 2332 nobis
407 2267 516 2352 iugum
538 2269 665 2332 eorum!
690 2272 755 2343 Qui
777 2269 904 2336 habitat
926 2268 961 2332 in
976 2266 1073 2333 coelis
1088 2288 1143 2332 eos
1157 2266 1203 2329 ir-

91 2377 232 2455 ridebit,
255 2381 286 2444 et
302 2375 448 2442 domiuus
465 2400 520 2443 eos
535 2377 764 2450 subsannabit3
789 2380 866 2443 tuna
878 2377 1026 2464 loquetur
1041 2375 1087 2441 oct
1101 2398 1155 2441 eos
1168 2375 1204 2440 in

91 2489 147 2556 ira
162 2511 241 2568 suo,
270 2488 352 2554 etin
367 2484 487 2576 surore
507 2509 566 2553 suo
590 2509 643 2554 eos
658 2487 870 2554 conturbabit.
913 2487 989 2574 Ego
1004 2491 1110 2553 autem
1129 2507 1203 2552 eou-

89 2600 229 2666 stitutum
250 2618 319 2663 sum
344 2619 404 2662 reu
426 2597 467 2662 ab
486 2620 523 2662 eo
538 2618 636 2684 super
652 2597 781 2662 Sionem
804 2601 938 2662 montem
958 2601 1103 2663 sarlatum
1123 2596 1202 2673 eius,

87 2706 290 2794 praedicans
308 2711 520 2795 praeceptum
534 2706 664 2772 domini.
707 2707 866 2772 Dominus
885 2707 973 2772 attuit
992 2706 1038 2772 ad
1057 2727 1122 2772 me:
1142 2703 1201 2768 nt·

90 2819 158 2884 tius
176 2839 263 2883 meus
276 2839 310 2882 es
328 2819 382 2893 tn,
405 2838 462 2902 ego
479 2815 576 2882 hodie
591 2820 624 2882 te
635 2818 741 2902 genui.
778 2815 914 2882 Postula
932 2838 953 2881 o
973 2836 1038 2894 me,
1062 2818 1096 2879 et
1116 2812 1200 2878 dabo

87 2927 153 2994 tibi
176 2930 287 3012 gentes
303 2925 537 2992 haereditatem
556 2930 661 2998 tuam,
682 2931 713 2992 et
732 2926 965 3014 possessionem
986 2929 1075 2990 tuam
1091 2923 1201 2988 termi-

87 3060 147 3104 nos
170 3042 296 3111 terrae3
322 3057 415 3120 reges
434 3059 487 3102 eos
505 3036 597 3122 uirgo
611 3033 745 3123 ferrea,
767 3039 928 3120 tamquam
943 3057 1021 3100 uaso
1026 3030 1133 3121 figuti
1148 3054 1201 3097 eos

88 3137 285 3228 confringes.
329 3145 379 3211 Et
397 3168 482 3211 uuna
502 3167 594 3231 reges
616 3145 805 3230 intelligite,
827 3144 1002 3210 erudimini
1023 3141 1200 3228 omnesqui

85 3252 248 3318 indicatis
269 3259 398 3321 terram.
443 3257 569 3322 Seroite
588 3255 717 3320 domiuo
741 3277 811 3319 eum
828 3255 959 3332 timore,
983 3258 1015 3320 et
1037 3252 1200 3320 exsultate

87 3363 120 3428 ei
135 3385 205 3428 aum
218 3367 363 3431 tremore.
385 3364 632 3451 Apprehendite
644 3363 861 3450 disciplinam,
876 3387 916 3430 ne
933 3363 1061 3450 quaudo
1075 3363 1197 3428 irasca-

86 3477 143 3538 tur
158 3471 323 3550 dominnr,
347 3477 380 3539 et
395 3474 543 3558 pereatis
565 3473 607 3539 de
622 3473 675 3539 oia
696 3473 798 3550 iusta,
821 3496 916 3560 quum
930 3475 1091 3542 exarserit
1112 3474 1200 3543 breui

84 3583 138 3649 ira
152 3582 234 3650 eius.
276 3582 377 3648 Beati
392 3584 567 3670 omnesqui
585 3585 619 3648 in
632 3605 701 3650 eum
717 3581 894 3673 considunt.

172 3739 224 3798 o1.
250 3737 297 3797 Ao
325 3755 442 3805 rursus·
458 3738 489 3796 in
518 3738 582 3798 alia
604 3738 773 3836 prophetia
798 3756 857 3818 per
881 3741 1022 3800 eumdem
1046 3738 1199 3799 Davidem

83 3943 362 3998 oodhmstirereiouis
374 3942 626 4013 Alexandrinas(ed.
730 3945 756 3999 9.
776 3941 893 4012 συνήχθ.
910 3941 955 3999 ini
967 3939 999 3999 si
1017 3939 1099 4008 uiti]
1122 3945 1154 3998 Η.
1170 3961 1193 3998 e.

82 4028 170 4081 Holm.
182 4027 332 4096 -Parsous)
355 4032 469 4082 nostram
492 4029 628 4082 exhibeant
660 4031 690 4083 in
706 4032 775 4083 item
792 4030 973 4096 conspirantes
996 4047 1018 4086 s.
1032 4032 1120 4084 eodem
1134 4030 1209 4098 true·

35 4141 43 4154 ι
82 4112 239 4181 lectionem,
259 4111 412 4168 immutanda
430 4115 546 4168 nonest.
574 4113 626 4167 As·
662 4113 746 4167 Aliter
761 4112 839 4182 alibi;
859 4113 890 4166 oi.
905 4127 927 4168 a.
946 4111 989 4173 67,

82 4198 199 4252 sentitur
213 4195 367 4266 Trollopius.

983 4292 1033 4353 7*
