2900 4776
518 182 728 327 APOLOGLA
759 241 783 301 l.
1180 238 1224 306 81

96 415 281 509 'quidquam
297 413 414 491 lateat,
435 429 497 473 uon
513 414 605 474 modo
624 378 741 486 iactum
762 409 928 476 sedetiam
945 364 1129 490 cogitatum,
1159 415 1224 474 uti-

109 543 179 602 que
198 528 333 612 propter
354 525 564 602 impendentia
587 500 743 602 supplicia
768 521 966 588 honestatem
988 523 1110 586 omnino
1134 499 1224 590 colc-

103 639 202 712 rem,
225 637 260 694 id
276 635 360 710 quod
374 651 433 694 vos
447 651 573 710 quoque
591 635 779 694 concedetis
823 613 898 692 Sed·
893 633 1039 710 speciem
1055 634 1137 694 datis
1154 649 1224 692 me-

89 747 266 805 tuentium
286 762 326 804 ne
348 746 456 804 omnes
473 761 557 820 quae
577 725 751 804 iusta‘sunt
766 743 884 802 faciant
901 759 982 801 nevo
998 743 1060 804 iam
1077 743 1224 802 habeatis
1314 766 1324 789 ’-

107 856 244 930 inques
268 855 540 930 animadvertatis,
564 832 740 914 carnificum
762 869 846 914 vero=
864 851 897 912 id
920 852 1021 930 soret,
1043 850 1104 911 non
1120 853 1224 912 hono-

107 968 181 1024 rum
197 939 382 1042 principum.
423 965 613 1026 Persuasum
632 970 735 1024 autem
753 963 903 1022 habemus
920 963 1105 1044 operatione
1121 963 1224 1022 malo-

107 1093 182 1135 rum
204 1076 404 1152 daemonum,
427 1076 480 1150 qui
503 1075 548 1134 ab·
562 1075 738 1156 hominihus
754 1075 885 1151 praeter
909 1074 1062 1132 rationem
1084 1073 1223 1136 viventi·

108 1187 173 1246 hus
190 1185 313 1246 hostias
334 1188 367 1246 et
388 1186 505 1246 cultum
522 1187 656 1262 petunt,
678 1184 759 1244 haec
783 1198 925 1260 quoquc,
945 1185 980 1244 ut
998 1184 1059 1243 iam
1081 1183 1224 1258 diximus,
1312 1253 1314 1258 .

108 1296 199 1355 fieri:
230 1310 290 1354 vos
314 1273 436 1374 autom,
455 1296 508 1371 qui
531 1296 661 1372 pietatis
684 1295 717 1354 et
735 1291 957 1371 philosophiae
974 1279 1114 1354 'studiosi
1136 1293 1224 1370 estis,

108 1407 192 1469 nihil
212 1406 344 1482 praeter
364 1406 519 1464 rationem
542 1405 682 1468 facturos
705 1405 903 1464 arbitramur.
947 1403 1001 1462 Sin
1015 1417 1081 1464 uos
1101 1418 1224 1480 quoquo

109 1519 157 1579 ut.
169 1513 315 1576 homines
328 1515 513 1592 insipientes
530 1515 658 1600 veritati
677 1515 932 1574 consuetudinem
948 1515 1150 1590 anteponitis,
1172 1494 1224 1572 ιιι-ἰ

109 1626 174 1686 cite
190 1626 274 1700 quod
295 1625 441 1702 potestis.
485 1625 613 1685 'lantum
628 1626 733 1690 autem
755 1626 889 1702 possunt
911 1621 975 1700 ipsi
998 1625 1173 1702 principes,
1196 1624 1224 1682 si

108 1711 244 1796 veritati
258 1734 436 1812 opinionem
447 1708 653 1812 anteponant,
678 1737 826 1815 quantum
838 1735 980 1794 latrones
996 1735 1028 1792 iu
1037 1735 1223 1815 'soli-tudine.

41 1895 45 1902 .
109 1846 157 1916 At
174 1863 233 1906 vos
256 1846 381 1904 minime
403 1833 551 1920 litaturos
575 1847 668 1922 logos
693 1841 853 1921 declarat,
891 1861 953 1920 quo
979 1844 1079 1921 magis
1103 1845 1225 1920 regium

109 1957 289 2030 iustumque
309 1956 485 2033 ¹prinoipem
510 1957 682 2026 secundum
700 1956 875 2038 genitorem
890 1955 957 2028 eius
976 1954 1067 2014 deum
1081 1955 1225 2014 novimus

65 2096 66 2100 =
109 2063 274 2127 neminem.
319 2065 580 2134 Quemadmodum
600 2067 681 2126 enim
705 2067 931 2152 paupertatem¹
947 2065 1147 2150 autmorbos
1170 2067 1226 2128 aut

46 2210 50 2215 -
109 2175 312 2270 ignominiam
334 2175 543 2248 haeredita-te
558 2176 795 2254 aparentibus
809 2176 958 2252 accipere
982 2191 1088 2234 omnes
1115 2176 1225 2234 detre-

112 2265 216 2362 etant,
238 2287 284 2344 sie
305 2283 399 2346 etiam
425 2285 636 2364 quaecumque
653 2288 746 2364 logos
771 2287 846 2376 eligi
864 2297 926 2345 non
944 2287 1061 2346 debere
1087 2304 1225 2364 praeoe-

112 2397 199 2474 pcrit
213 2397 263 2456 vir
280 2413 376 2458 sanae
394 2401 477 2458 ment
464 2393 611 2466 theudis
628 2398 736 2476 eliget.
714 2396 899 2456 tFutura
915 2396 994 2456 hacc
1011 2398 1111 2466 omnia
1127 2414 1225 2474 prae·
1226 2463 1228 2467 ,

112 2509 195 2567 dixit
204 2505 548 2585 ,iuquam,mag1ster
561 2510 670 2568 noster
687 2510 719 2570 et
736 2508 878 2586 parentis
895 2508 1028 2568 omnium
1048 2509 1224 2584 dominique
1273 2495 1277 2503 ’

114 2715 155 2768 ct.
179 2711 320 2770 Hermann.
339 2715 370 2770 ad
393 2715 478 2782 Vigor.
503 2715 556 2786 (ed.
572 2715 601 2784 4)
626 2731 653 2786 p.
687 2719 821 2769 monstrat.
839 2715 889 2770 -Αιι
907 2717 1015 2784 primum
1031 2713 1131 2782 quidem
1148 2727 1224 2782 repe-

112 2803 230 2870 717sq..
311 2843 313 2847 v
346 2845 348 2849 .
425 2826 428 2832 ·
581 2833 583 2836 -
686 2803 719 2854 tit
740 2801 867 2868 exipsius
889 2785 1145 2866 ciiiisiimaiestate,
1172 2801 1224 2868 qui,

175 2887 215 2938 tu.
234 2879 456 2956 ου’χιιιρήσεται]
477 2885 652 2938 Grabiusnon
688 2901 755 2936 curn·
773 2899 896 2937 summum
925 2887 1043 2936 exerceat
1071 2893 1126 2935 cum
1151 2887 1224 2950 patre

111 2963 179 3034 male
207 2973 397 3026 subintellexit:
432 2973 536 3025 etiamsi
563 2975 652 3043 patrio
687 2971 836 3038 imperium,
862 2970 1020 3022 Christianos
1042 2983 1102 3020 suos
1124 2969 1159 3020 ita
1178 2983 1224 3020 ro-

112 3074 188 3110 morc
203 3059 257 3108 sod
270 3061 385 3126 recepto.
420 3058 527 3109 Frustra
546 3059 652 3124 Sylbur-
686 3055 802 3122 borabit,
819 3059 1032 3122 utquaecumque
1047 3054 1134 3119 ingere
1149 3067 1224 3118 prae-

113 3142 170 3207 gius
194 3142 312 3210 coniecit¹
333 3137 385 3196 οὐκ
407 3138 569 3210 ἀρνήσεται
584 3142 654 3214 (riori
688 3139 784 3206 ceperit
805 3139 835 3190 ab
854 3139 885 3196 iis
903 3139 1045 3206 refingiant,
1065 3142 1093 3190 ut
1116 3137 1156 3190 elii
1176 3139 1224 3188 ιιο-
1264 3196 1266 3200 ,

111 3223 276 3294 seneveio).
610 3254 617 3267 ·
688 3225 768 3278 mines
779 3241 793 3276 a
807 3227 955 3292 paupertate
970 3227 996 3274 et
1006 3224 1100 3296 montis
1111 3228 1138 3286 et
1150 3224 1224 3290 igno-

184 3310 224 3362 13·
245 3312 329 3378 φημί]
350 3314 472 3367 Refertur
487 3314 535 3368 hoc
550 3316 653 3367 verbum
689 3313 764 3365 miula
786 3299 904 3376 reingere
920 3309 1012 3362 solent.
1049 3309 1101 3362 Sed
1115 3311 1172 3378 quia
1193 3311 1224 3366 de

114 3395 146 3448 ad
163 3411 193 3448 ea
211 3403 274 3463 quiae
289 3399 363 3466 paulo
380 3401 516 3452 ante-dixit
532 3398 653 3467 lustinus,
690 3398 784 3455 Clinisti
800 3396 929 3448 divinitate
943 3407 993 3444 non
1009 3395 1153 3448 fatebantur
1168 3399 1225 3449 oth-

19 3523 22 3528 ,
112 3497 209 3557 nempe¹
230 3474 397 3550 imperatores
420 3501 472 3537 non
493 3473 611 3536 litaturos
632 3483 654 3536 si
689 3483 748 3548 uici,
767 3481 833 3534 aliud
847 3483 1021 3549 argumentum
1035 3483 1130 3550 repetit
1147 3483 1225 3534 lusti-

114 3567 274 3620 Cluistiauos
297 3573 424 3636 mactent,
460 3569 535 3638 idque
559 3584 572 3619 a
595 3567 653 3633 logo
689 3580 737 3623 nus
761 3583 792 3620 ex
820 3567 875 3635 ipso
901 3563 1096 3632 praedicationis
1124 3572 1225 3636 eventu,

113 3653 284 3706 demonstrari
312 3656 338 3703 et
361 3652 458 3708 doceri.
495 3654 578 3719 Quare
603 3667 655 3704 ιιοιι
678 3649 912 3719 ‘quo'ithristianos
937 3651 973 3702 ita
993 3649 1090 3712 firmari
1108 3653 1225 3704 streto-

115 3724 275 3790 incommode
306 3737 367 3788 iliud
398 3741 506 3807 inopinum
538 3741 654 3806 usurpat,
688 3737 740 3788 rari
759 3723 848 3802 docet,
872 3737 901 3786 ut
920 3734 975 3801 ipsa
993 3735 1137 3801 persecutio
1152 3735 1226 3788 addat

113 3821 158 3872 ubi
177 3820 304 3887 explicare
325 3825 450 3891 instituit,
476 3809 598 3892 qinomodo
614 3822 667 3874 lo-'
689 3821 801 3886 animos,
820 3819 911 3870 nedoin
928 3823 1106 3885 persecutores
1125 3823 1225 3886 optat-os

115 3921 161 3972 gos
175 3906 292 3958 docuerit
307 3909 432 3960 inanes
450 3906 524 3960 iore
538 3923 653 3978 perse·
689 3904 736 3956 sibi
751 3919 885 3976 successus
896 3905 1011 3976 polliceri
1025 3904 1131 3972 possint.
1158 3903 1225 3954 Gra-

115 3995 274 4044 cu'torum
293 3999 432 4044 conatus
458 3994 558 4058 [contra
579 3991 655 4043 cnri-
688 3990 745 4042 binis
769 4005 824 4041 cum
854 3988 995 4040 sententiae
1021 3985 1113 4038 seriem
1143 3988 1225 4040 miuus

115 4075 236 4144 stianosJ.
272 4077 372 4146 anlici
391 4078 462 4130 enim·
476 4076 582 4128 rationis
600 4089 654 4127 mo·
690 4073 803 4139 videret,
820 4073 934 4124 lacunam
954 4075 980 4123 et
1001 4071 1097 4125 hiatum
1111 4072 1225 4140 suspica-

116 4167 203 4214 mento
219 4163 351 4214 ren'tatcm
369 4153 462 4214 illinisti
477 4157 655 4228 praedictionis
690 4161 794 4228 tuscst.
824 4155 962 4207 Murouus.

116 4249 223 4312 [llattln.
249 4247 292 4314 10,
317 4245 349 4298 16
364 4235 420 4315 ειιζ
442 4244 484 4313 tt,
504 4243 580 4307 aar]
611 4241 669 4322 de-⁸
770 4240 810 4294 14.
837 4236 968 4301 ἄπιστοι.
992 4232 1033 4297 oin
1051 4237 1126 4312 ’lpo.]
1161 4243 1224 4296 celi.
