2900 4776
349 268 353 276 ·
423 281 426 288 ·
509 237 718 306 aroucam
750 241 773 306 1.
933 257 936 263 ,
1169 247 1222 318 nn

103 411 210 472 natum
234 413 393 488 tenemus,
421 427 579 476 commuue
602 414 634 476 id
659 423 783 492 quoque
802 432 870 477 cum
886 413 1009 483 Peraea
1025 419 1213 486 existimata.

104 521 194 590 Quod
215 523 352 584 claudos·
372 523 506 600 danique
531 528 563 584 et
580 503 782 602 'paralyticos
798 527 831 585 et
849 527 890 586 ab
914 528 986 606 ipso
1006 533 1077 590 ortu
1090 533 1213 600 debiles
1261 601 1266 609 ,

102 633 231 692 sanitati
257 633 297 692 ab
319 649 359 692 aa
375 627 541 694 restitutos
557 638 592 694 et
609 639 749 696 mortuos
771 636 925 698 advitam
947 642 1116 702 revocatos
1131 644 1213 704 dioi-

101 759 187 818 mus‚
209 741 322 806 similia
335 743 416 803 lraeo
427 761 553 822 ,quoque
569 745 675 806 dicere
690 745 865 806 videbimur
880 747 920 808 iis
937 765 1017 826 qnae
1032 751 1072 810 ab
1087 751 1213 814 Aescu·

100 851 191 928 lapio
207 851 292 914 facta
310 857 487 918 narrantur.

190 1032 240 1091 23.
269 1031 374 1108 Atque
400 1033 435 1092 ut
462 1033 555 1094 etiam
578 1034 638 1094 hoc
659 1031 861 1114 perspectum
882 1037 1047 1099 habeatist
1079 1043 1211 1120 primum

100 1157 303 1219 quaecuuque
314 1143 442 1203 dicimus
455 1145 584 1204 edoctia
594 1128 719 1205 Christo
736 1149 768 1204 et
783 1137 1049 1228 aproplretis‚qui
1068 1168 1138 1212 cum
1152 1171 1212 1212 an-

100 1253 312 1331 tecesserunt,
334 1271 371 1312 ea
388 1255 457 1314 sola
472 1271 543 1314 esse
555 1232 637 1315 'vera
654 1257 686 1314 et
703 1257 843 1316 omnibus
858 1241 1056 1334 qui⁷iuerunt
1072 1263 1212 1340 scripto-

98 1363 189 1423 ribus
204 1364 397 1441 antiquiora,
415 1381 516 1441 neque
532 1365 651 1452 idcirco¹
664 1365 736 1442 quia
753 1367 861 1430 eadem
879 1385 959 1444 quae
974 1369 1023 1428 illi
1038 1373 1211 1450 scriptores

99 1473 232 1533 dicimus
249 1491 307 1534 nos
322 1492 437 1552 rogare
453 1468 487 1535 ut
507 1477 676 1554 probemur
691 1475 748 1535 sed
769 1477 840 1552 quia
856 1479 1021 1539 veritatem
1038 1481 1210 1562 loquimur;

99 1600 199 1662 porro
229 1586 263 1644 ut
286 1585 377 1645 vobis
396 1589 526 1646 'constet
550 1582 652 1646 lesum
676 1583 849 1664 Christum,
880 1605 971 1664 quum
994 1591 1155 1668 deilogos
1178 1595 1211 1653 et
1318 1611 1323 1616 ·

98 1695 329 1772 primogenitus
350 1697 382 1754 et
404 1696 505 1755 virtus
532 1697 601 1774 sit,·
621 1695 722 1756 solum
748 1697 878 1773 proprie
901 1699 998 1758 filium
1021 1701 1050 1758 ei
1071 1699 1210 1776 genitum

99 1819 191 1882 esse,
212 1805 342 1882 eiusque
357 1807 520 1866 voluntate
540 1790 662 1865 factum
675 1805 829 1866 hominem
846 1808 1041 1868 instaurandi
1057 1825 1094 1870 ac
1111 1813 1210 1872 resti·

97 1911 209 1974 tuendi
226 1915 350 1975 humani
365 1919 491 1995 generis
507 1933 601 1977 causa
617 1916 696 1974 haeo
708 1929 766 1975 nos
781 1915 943 1994 docuisse3
967 1919 1116 1998 denique,
1139 1923 1210 1998 pri-

96 2043 230 2100 usquam
252 2027 334 2084 intcr
352 2026 494 2086 homines
517 2025 610 2086 homo
626 2027 825 2103 versaretur,
847 2026 880 2084 in
898 2031 1094 2090 antecessum
1110 2047 1209 2108 quos-

97 2111 171 2196 dam
191 2137 327 2214 impulsu
348 2137 692 2214 supranominatorum
715 2137 867 2198 malorum
890 2138 1073 2200 daemonum
1095 2156 1134 2202 ea
1149 2159 1209 2222 per

98 2341 145 2396 sed
160 2343 238 2396 salam
252 2358 309 2396 esse
323 2359 409 2398 veram
422 2340 508 2412 (μόνα
521 2339 638 2414 ἀληθῆ).
671 2345 753 2398 intus
774 2345 930 2412 argumentis
950 2345 1070 2416 deinceps
1090 2355 1210 2406 versatur

97 2429 135 2482 Et
157 2443 221 2495 quae
243 2445 297 2498 cap.
320 2419 366 2482 24'
379 2435 405 2484 et
427 2447 498 2500 seqq.
519 2430 638 2485 dicuntur
671 2429 793 2485 lustinus.
823 2431 920 2484 Probat
940 2433 1049 2500 pmmum
1067 2449 1090 2488 c.
1108 2435 1208 2506 24eqq.

96 2527 151 2567 non
168 2515 231 2572 male
246 2515 370 2582 quadrant
382 2517 407 2568 in
424 2521 562 2569 extremam
576 2531 636 2584 par·
671 2513 829 2569 Christianos
847 2515 915 2570 seles
936 2531 993 2570 esse
1016 2519 1059 2586 qui
1075 2523 1208 2576 vamtatem

97 2603 152 2650 tem
166 2615 220 2667 cap·
228 2599 291 2653 23ss
312 2600 364 2654 Sed
376 2600 488 2652 lustinus
502 2615 552 2652 non
568 2617 636 2652 som·
670 2597 819 2670 defendant..
843 2599 941 2653 Deinde
963 2617 985 2654 c.
1003 2601 1105 2672 ddsqq.
1128 2604 1208 2660 filium

97 2699 148 2752 per
159 2689 255 2737 certum
267 2687 397 2753 quemdam
411 2681 524 2738 ordinem
539 2701 566 2737 ae
581 2701 635 2736 me·
670 2681 709 2734 dei
724 2683 879 2736 incarnatum
896 2700 962 2736 esse.
979 2686 1042 2740 Tum
1053 2704 1075 2740 c.
1091 2688 1124 2740 54
1138 2691 1208 2744 venit

97 2768 203 2821 ilrodum
221 2774 306 2824 serrat
323 2769 392 2838 (ride
405 2770 529 2824 Seniculi.
544 2769 635 2822 Juatin
671 2767 702 2820 ad
713 2768 810 2822 tabulas
823 2773 965 2836 poetarum,
983 2785 1044 2836 quas
1059 2771 1208 2826 daemonum

100 2855 253 2922 dffdldrtpr.
268 2855 297 2908 Ρ.
309 2856 329 2907 l.
345 2853 370 2922 p'.
381 2853 432 2904 208
447 2853 511 2922 sq),
529 2859 557 2908 ut
574 2870 635 2908 con·
670 2850 758 2904 fraude
773 2851 804 2904 ad
818 2852 946 2906 lominum
966 2855 1104 2922 perniciem
1117 2856 1207 2932 inuen-

97 2941 225 2994 iusionem
239 2942 313 2997 istam
324 2940 419 3008 absque
435 2939 547 2992 codicum
561 2953 637 2992 manu
670 2940 710 2990 tas
724 2936 803 2990 luisse
819 2935 901 2988 docet.

98 3029 261 3078 cerauniorum
289 3027 438 3088 anctoritate
460 3025 570 3078 librariis
587 3025 636 3076 im-

96 3109 234 3178 putandam
250 3124 369 3162 essenon
387 3125 512 3162 censeam.
525 3137 559 3148 -·
583 3108 635 3160 Re·
738 3105 763 3158 2.
785 3101 854 3168 ecio]
878 3099 959 3160 Deest
978 3107 1005 3160 ia
1027 3106 1099 3162 codd.
1117 3109 1205 3178 mstis;

97 3198 140 3246 cte
152 3195 288 3246 lilaranus:
309 3194 368 3247 Tria
378 3195 512 3264 pollicetur
523 3193 636 3246 lustinus
670 3191 742 3244 facile
759 3191 790 3244 ob
808 3185 1001 3258 praecedentem
1023 3193 1143 3260 syllabam
1160 3195 1206 3246 ali-

96 3293 157 3331 scse
182 3277 427 3332 demonstraturum:
464 3280 505 3331 1⁰.
530 3277 636 3342 Quaea
670 3275 769 3332 sorberi
799 3278 910 3344 peterat.
950 3275 1075 3345 Repesuit
1098 3278 1207 3346 sylhur-

98 3365 251 3416 cluistianis
264 3363 406 3432 docent-ur,
425 3365 478 3418 sela
494 3378 554 3417 vera
568 3379 636 3425 esse,
670 3361 735 3427 gius.
812 3423 815 3427 ⁸

97 3427 279 3518 quodquidam
296 3453 381 3516 aptum
397 3453 423 3502 et
439 3465 531 3502 nexum
547 3453 587 3502 est
603 3465 636 3502 ex
739 3487 756 3541 δ
783 3485 844 3552 καὶ]
863 3475 985 3543 semu
1024 3487 1058 3542 cr
1080 3505 1096 3543 n
1122 3490 1135 3543 1

96 3535 129 3586 iis
147 3549 210 3602 quae
227 3535 341 3601 proxime
359 3533 473 3602 dicebat,
494 3549 585 3602 nempe
603 3549 635 3586 ex
758 3527 765 3540 ⁶
919 3527 925 3539 '
988 3528 994 3542 '
1056 3528 1063 3542 '
1100 3530 1106 3544 '
1139 3531 1146 3546 ⁸

96 3619 140 3670 illa
154 3619 317 3670 similitudine
337 3634 400 3690 quae
423 3619 574 3670 christianae
588 3617 635 3670 do·
737 3614 763 3668 4.
782 3612 830 3668 eei
844 3613 922 3682 apia]
941 3617 1020 3672 Codd.
1038 3617 1100 3670 msti
1112 3621 1138 3680 et
1151 3616 1206 3672 edi·
1258 3615 1265 3626 ”

96 3703 195 3756 atricae
217 3703 317 3756 videtur
329 3704 413 3756 inesse
435 3720 491 3756 cum
507 3703 636 3760 nonnullis
669 3699 690 3752 ti
716 3701 822 3767 (omisso
849 3699 912 3766 καὶ)
941 3699 1008 3768 πρὶν
1031 3693 1048 3768 ἢ
1071 3697 1100 3754 ἐν
1122 3697 1206 3771 αἰθρ.

95 3785 305 3854 philosophorum
325 3793 351 3842 et
372 3793 504 3858 poetarum
526 3787 634 3856 placitis.
670 3789 735 3838 etc..
760 3777 843 3838 Miror
859 3785 979 3840 Grabium
995 3790 1052 3841 aute
1068 3786 1130 3836 haec
1146 3799 1206 3838 ver-

95 3873 141 3924 20.
167 3863 299 3924 Promittit
318 3889 348 3925 se
370 3874 535 3942 probaturum
554 3858 635 3924 iillum
669 3871 702 3924 aa
715 3870 814 3936 leugam
830 3869 922 3921 uidisse
935 3869 1057 3923 lacunam.
1077 3858 1146 3920 Nihil
1160 3868 1205 3922 de-

95 3957 390 4034 deiincarnatumesse.
422 3956 465 4010 3⁰.
491 3957 634 4010 Daemones
670 3952 838 4008 estnisiuai
854 3953 902 4021 (se.
918 3945 1161 4021 infulmss),
1179 3953 1206 4006 id

96 4046 156 4094 ante
174 4041 243 4093 illius
266 4041 465 4094 incarnationem
486 4042 564 4094 multa
589 4056 635 4108 per
670 4038 796 4107 quodiam
812 4027 1096 4105 Fabricius-(Bibliotlr.
1111 4053 1150 4116 gr.
1163 4037 1204 4091 ed.

94 4131 186 4196 poetas
210 4125 331 4192 linxisse,
354 4129 383 4178 ut
404 4126 519 4178 lromincs
536 4125 566 4177 ab
586 4125 634 4176 lrec
669 4123 770 4178 Harles.
795 4122 850 4174 Vol.
871 4121 925 4174 vll.
950 4135 976 4190 p.
993 4119 1040 4188 60)
1068 4121 1204 4176 admonuit.

96 4211 221 4280 mpstcrio
232 4209 358 4266 credendo
373 4212 526 4280 auerterent.
548 4208 580 4262 lu
594 4207 634 4262 nis
668 4208 790 4270 aileranus
805 4205 892 4262 mallet
904 4203 971 4276 apia
990 4202 1027 4262 δὲ
1045 4197 1062 4278 ἢ
1077 4211 1141 4262 etc..
