2926 4782
204 285 281 340 auu
572 255 959 336 momontum„

205 451 297 542 oraim
322 473 395 520 esse
430 447 543 520 solum
569 469 697 520 nomen
730 447 860 521 indicta
888 471 992 526 naun
1015 445 1171 520 damnari
1195 447 1242 540 (ε.
1261 445 1314 550 fi).

206 577 307 646 liano
323 575 537 666 iniquitatem
554 582 664 644 ortam
683 597 789 644 ossea
804 575 1029 644 daemonibus
1046 574 1093 664 (o.
1103 573 1156 666 5).
1179 575 1238 644 nd
1257 597 1316 646 eos

206 703 301 792 quoti
334 702 491 787 attineat,
528 697 740 770 Christianos
767 699 836 769 dici
870 723 972 795 posse
1002 699 1142 788 atheos,
1184 701 1317 794 quippe

206 839 313 918 quum
328 819 439 896 deum
449 839 596 920 putrem,
621 827 692 896 sius
709 827 829 914 liliurn,
849 827 962 896 bonos
978 827 1136 919 angelos,
1160 827 1318 920 spiritum

206 965 360 1026 sanctum
377 954 492 1024 colant
513 953 560 1042 (u.
576 950 628 1042 b).
679 953 719 1022 Si
741 953 800 1043 qui
827 953 916 1022 sorte
937 974 980 1024 ex
1005 953 1206 1022 Christianis
1228 975 1317 1022 cous

206 1082 287 1149 victi
315 1079 443 1148 luerint
467 1079 626 1166 sceleris,
661 1079 699 1148 id
720 1101 792 1148 non
815 1079 920 1148 debet
943 1079 1016 1148 aliis
1043 1101 1170 1147 nocere
1197 1080 1244 1169 (o.
1261 1077 1317 1168 Ί),

207 1227 354 1296 quorum
371 1227 414 1274 eo
433 1205 597 1274 illustrior
612 1215 664 1274 est
687 1205 900 1289 innooumia,
923 1203 1031 1294 quod,
1055 1205 1208 1294 quumvis
1230 1227 1318 1297 pos-

207 1333 274 1401 sint
298 1353 452 1424 negare,
477 1331 625 1400 libenter
648 1341 763 1400 tamen
793 1331 1016 1418 oonlitontur,
1046 1341 1086 1400 at
1101 1331 1317 1403 mendacium

206 1459 314 1529 vitent
333 1467 368 1525 et
385 1456 430 1525 ad
453 1457 556 1526 deum
574 1479 672 1526 suum
691 1455 788 1526 citius
808 1459 1013 1549 perveniant
1027 1459 1075 1547 (o.
1091 1455 1143 1547 8).
1194 1459 1317 1546 Neque

207 1584 309 1652 etiarn
340 1583 471 1652 debent
500 1584 686 1654 Christiani
710 1584 897 1675 vituperari
924 1583 1020 1674 quod
1043 1583 1222 1654 simulacra
1246 1605 1319 1652 non

208 1711 342 1796 colunt,
374 1733 480 1800 quma
502 1710 571 1778 hoc
594 1711 688 1778 ouitu
714 1711 756 1778 sit
777 1709 865 1778 nihil
891 1709 1069 1778 absurdius
1094 1711 1140 1801 (o.
1157 1707 1217 1798 9),
1253 1731 1318 1778 no-

209 1859 276 1926 que
295 1835 389 1928 quod
410 1845 535 1928 putent
557 1835 660 1906 deum
681 1835 780 1904 donis
797 1857 867 1904 non
882 1835 1059 1928 indigere,
1087 1857 1191 1924 quum
1210 1833 1254 1902 ab
1274 1855 1318 1902 eo

208 1963 323 2030 omnia
343 1963 409 2032 sint
427 1975 539 2030 ereata
557 1963 603 2052 (o.
622 1959 698 2050 lo).
748 1963 870 2051 Neque
886 1961 1073 2030 humanum
1090 1983 1236 2052 regnum
1254 1983 1319 2028 ex-

209 2097 367 2179 spectant
380 2087 582 2158 Christiani:
606 2088 693 2154 nihil
709 2086 876 2155 eiusmodi
892 2088 935 2156 ab
955 2088 995 2155 iis
1014 2087 1237 2158 metuendum
1269 2088 1318 2176 (o.

209 2211 294 2302 11);
320 2213 402 2302 quin
426 2214 532 2280 immo
559 2236 676 2282 eorum
698 2214 870 2307 principia
895 2213 940 2282 ad
963 2209 1320 2303 tranquillitatem'rsi

208 2339 371 2437 publicae
391 2340 536 2408 maxime
558 2339 755 2410 conducunt
775 2339 981 2430 (c.12).-
1003 2341 1138 2410 Rursus
1155 2339 1199 2408 ad
1215 2341 1318 2408 inno-

211 2465 357 2554 centiam
392 2465 679 2534 Christianorum·
707 2465 960 2536 defendendam
989 2490 1046 2538 eus
1083 2467 1166 2538 dicit
1197 2467 1322 2546 atheos

210 2612 282 2657 non
301 2613 392 2662 esse:
418 2590 524 2682 idque
548 2592 675 2682 probat
692 2601 726 2660 et
744 2614 786 2659 ex
802 2614 892 2684 puro
910 2591 1024 2678 cultu,
1051 2617 1152 2684 quem
1168 2593 1257 2686 patri
1283 2602 1320 2664 et

210 2716 284 2784 filio
307 2727 341 2786 et
366 2718 501 2809 spiritui
530 2719 694 2788 exhibent
715 2719 760 2808 (c.
784 2717 867 2807 13),
896 2727 992 2786 etex
1014 2719 1162 2790 mirabili
1183 2741 1322 2788 morum

210 2844 417 2930 mutatione,
447 2854 631 2936 postquam
657 2869 677 2912 a
703 2844 929 2914 daemonibus
949 2856 1162 2912 recesserunt
1177 2845 1223 2934 (o.
1241 2843 1318 2933 lt).

211 2967 327 3058 Atque
356 2993 411 3038 res
440 2981 478 3038 ut
500 2981 596 3040 certo
627 2979 776 3057 constet,
800 2971 837 3038 in
861 2971 1012 3040 medium
1036 2972 1170 3062 profert
1196 2971 1319 3040 eximia

214 3094 343 3163 Christi
367 3105 554 3188 praecepta
583 3097 748 3188 religiose
775 3121 795 3164 a
818 3097 1018 3166 Christianis
1045 3096 1239 3166 observata:
1273 3096 1319 3167 de

214 3221 385 3306 castitate,
421 3219 467 3288 de
494 3217 632 3290 caritate
653 3223 689 3290 in
714 3244 849 3309 omnes,
873 3223 918 3290 de
942 3223 1145 3294 iiberalitate
1170 3223 1205 3290 iu
1229 3247 1319 3314 pau-

213 3365 313 3434 peres
339 3343 386 3431 (o.
406 3344 488 3432 15),
516 3345 560 3414 de
580 3347 762 3438 patientia,
790 3347 835 3416 de
864 3349 1002 3416 vitando
1028 3349 1246 3416 iureiurando
1271 3349 1318 3438 (c.

215 3465 300 3556 16),
324 3467 368 3538 de
385 3471 580 3542 obedientia
596 3473 738 3564 regibus
755 3473 980 3565 praestanda,
1005 3475 1049 3546 de
1067 3474 1239 3544 solvendis
1256 3497 1320 3544 ve·-

214 3595 397 3688 otigalibus
423 3598 468 3686 (c.
487 3596 561 3686 lt).
616 3599 707 3666 Tam
731 3600 822 3668 bene
841 3599 983 3669 affectos
1004 3601 1094 3668 cives
1113 3601 1140 3668 si
1157 3609 1321 3692 spernant

213 3712 455 3814 imperatores,
492 3725 638 3794 minatur
668 3725 708 3794 iis
730 3725 866 3817 Martyr
891 3725 1043 3794 futurum
1068 3736 1150 3817 post
1175 3734 1321 3797 mortem

213 3848 388 3934 iudicium,
411 3851 505 3940 quod
524 3849 591 3942 ipsi
609 3852 756 3944 gentiles
778 3857 978 3942 agnoscant,
1002 3852 1187 3922 Christiani
1205 3862 1320 3920 autem

204 3976 323 4088 ¹multo
350 3977 480 4068 tnagis,
506 3977 566 4066 qui
594 3977 696 4051 etiarn
720 3997 906 4067 corporum
928 3977 1212 4050 resurreetioueru
1239 4001 1322 4070 spe·-

213 4109 291 4167 rant
321 4101 366 4189 (o.
388 4101 471 4189 18),
505 4123 580 4168 earn
606 4123 678 4170 nou
710 4101 942 4172 difficiliorem
967 4104 1035 4173 deo
1061 4125 1136 4172 esse
1160 4112 1321 4196 putantes

215 4248 317 4314 quam
341 4227 448 4318 ipsam
472 4228 679 4300 creationem
707 4229 754 4331 (o.
773 4227 855 4320 lt);
880 4229 962 4300 huie
983 4228 1140 4322 dogmati
1155 4229 1323 4312 nonnulla
