2900 4776
546 227 758 291 nronoorn
785 231 809 290 1.
1188 229 1251 298 na

134 417 197 482 qne
215 398 383 482 reputata.
428 394 494 461 Hic
506 403 644 484 peccata
665 403 777 466 nostra
790 402 904 486 portat
925 403 958 465 et
968 421 1030 484 pru
1046 398 1137 466 notis
1151 399 1249 479 delet,

133 509 167 572 et
186 527 247 571 nos
267 507 488 594 reputavimus
504 531 572 574 enne
587 531 655 575 esse
669 510 703 574 in
719 507 830 576 latore
845 513 878 575 et
894 509 928 574 in
946 509 1046 598 plaga
1063 511 1144 576 etin
1158 507 1251 604 affli-

132 618 251 683 ctione.
283 615 358 704 ipsa
373 621 480 682 antem
496 618 684 685 vulneratas
700 623 748 685 est
763 624 902 707 propter
921 615 1111 708 iniquitates
1124 625 1251 688 nostrae

132 731 168 794 ct
191 723 379 815 infirmatae
401 733 452 794 est
469 732 608 816 propter
630 733 765 816 peccata
792 733 926 810 nostra;
956 729 1133 821 disciplina
1153 731 1251 820 pacis

131 859 237 926 snper
252 859 339 916 mm,
360 838 460 903 tiuare
479 839 549 904 eins
563 861 620 904 nas
637 835 747 905 sanati
762 861 878 906 ramas.
924 839 1043 908 Omnes
1062 843 1157 929 qnasi
1178 865 1250 909 acer

133 949 330 1024 erravimus,
360 947 451 1014 tomo
473 949 507 1012 in
531 950 586 1014 aia
607 972 667 1014 sna
690 952 820 1016 erravit.
863 949 913 1017 Ec
928 952 1073 1018 tradidit
1087 975 1158 1020 enm
1170 973 1249 1042 pru·

128 1064 212 1144 pter
234 1059 423 1145 iniquitates
453 1063 600 1138 nostras,
638 1065 670 1126 et
694 1062 767 1148 ipse
793 1066 931 1149 propter
953 1060 1164 1156 afflictionem
1186 1085 1250 1128 nan

132 1171 249 1257 aperit
270 1191 304 1234 us
325 1191 426 1233 sunm.
477 1169 519 1235 Ut
545 1171 611 1235 anis
630 1171 676 1236 ad
692 1193 799 1238 necem
814 1171 931 1238 ductae
946 1177 1015 1254 est;
1036 1176 1070 1239 et
1088 1175 1125 1238 nt
1147 1191 1250 1258 Quae

133 1302 243 1346 coram
265 1279 419 1344 tondente
442 1283 565 1355 matres,
592 1281 641 1346 sic
656 1303 719 1346 non
741 1283 851 1370 aperit
875 1305 911 1348 on
924 1305 1024 1348 anan.
1068 1281 1250 1348 Indomiti-

134 1395 207 1457 tote
222 1413 283 1455 aaa
299 1389 453 1454 indiciam
470 1390 538 1455 ains
550 1390 709 1456 sublatam
723 1397 781 1458 ent.
823 1397 940 1456 Postea
954 1398 1051 1474 igitur
1065 1413 1156 1473 quam
1174 1413 1249 1457 cru-

132 1507 247 1567 cifixus
270 1507 320 1564 ost
344 1506 438 1564 etiam
462 1505 609 1582 discipuli
626 1521 732 1565 omnes
749 1507 789 1565 ab
811 1523 850 1566 eo
866 1506 1068 1582 deiecerunt,
1103 1523 1173 1566 eum
1188 1523 1248 1566 ne-

132 1620 267 1694 gantos3
294 1616 407 1675 deiude
426 1631 515 1691 vero,
539 1632 631 1691 quum
646 1633 687 1675 ex
702 1616 832 1675 mortuis
847 1617 1010 1676 redivivus
1026 1617 1064 1675 iis
1079 1617 1247 1695 apparuis-

132 1729 186 1789 set
212 1729 245 1786 et
267 1727 471 1804 prophetias,
493 1726 525 1784 in
547 1725 661 1801 quibus
685 1727 765 1787 haee
783 1726 884 1785 omnia
900 1725 1008 1786 futura
1028 1743 1100 1784 osse
1116 1726 1247 1803 praedi-

132 1841 219 1898 ctum
239 1836 358 1913 iuerat,
384 1838 494 1914 legero
516 1837 692 1914 docuisset,
714 1853 868 1913 quamquo
894 1837 982 1897 illum
1005 1833 1247 1898 adscendentem

130 1951 166 2010 iu
189 1948 312 2008 coelum
337 1948 492 2006 vidissent
515 1949 547 2005 et
571 1947 780 2006 credidissent
802 1948 834 2006 et
853 1947 1002 2006 virtutem
1025 1947 1097 2006 inde
1113 1947 1152 2005 iis
1168 1945 1246 2004 nris·

131 2075 201 2121 sam
227 2059 425 2136 accepissent
448 2059 480 2116 et
501 2057 541 2116 ad
564 2072 653 2116 omne
677 2056 833 2116 hominum
851 2067 951 2134 genus
967 2056 1104 2134 protecti
1121 2057 1244 2116 essent:

131 2172 215 2231 haec
233 2171 370 2229 docuere
385 2170 417 2226 et
432 2167 571 2244 apostoli
591 2167 745 2245 appellati
760 2169 842 2228 suut.

224 2282 274 2339 51.
297 2279 337 2338 Ut
360 2280 463 2338 autem
485 2278 576 2337 nobis
601 2279 784 2338 ostenderet
801 2277 1008 2356 propheticus
1029 2277 1159 2355 spiritns
1177 2291 1247 2336 eum

67 2423 72 2428 -
131 2392 188 2469 qui
201 2391 282 2450 haec
297 2389 417 2467 patitur
433 2389 644 2448 inenarrabile
659 2401 758 2467 genus
774 2389 893 2448 habere
911 2389 1088 2449 etinimicis
1105 2388 1170 2448 suis
1186 2387 1247 2445 im-

131 2517 267 2582 perare,
299 2500 345 2559 sie
369 2500 493 2559 loeutus
517 2502 584 2558 est:
613 2496 858 2562 Generationern
879 2496 948 2562 eins
966 2496 1038 2582 qais
1060 2489 1248 2560 enarrabit?

136 2607 235 2684 Quod
249 2605 375 2672 tollitur
388 2605 429 2671 de
443 2609 533 2670 terra
548 2607 615 2672 cita
630 2607 707 2684 eins,
718 2607 758 2672 ab
774 2606 1002 2693 iniquitatibus
1016 2625 1122 2671 eornm
1139 2605 1248 2667 trans·

132 2719 177 2784 iit
200 2719 236 2782 in
257 2722 399 2784 martem.
442 2715 492 2782 Et
511 2715 594 2782 dabo
614 2718 768 2804 pessimos
786 2737 850 2804 pro
868 2715 1038 2804 sepultura
1055 2715 1124 2780 eins
1144 2713 1178 2776 et
1196 2707 1249 2774 di·

133 2830 218 2895 oites
232 2849 293 2916 pro
309 2831 409 2892 marte
428 2827 515 2904 eins,
537 2827 613 2914 qnia
628 2827 833 2912 iniquitatem
851 2849 914 2892 nan
921 2823 1009 2915 fecit
1025 2845 1126 2908 neque
1141 2821 1249 2884 inuen-

132 2945 190 3007 tae
203 2943 252 3005 ant
273 2937 368 3004 dolas
393 2938 428 3001 in
454 2959 509 3002 are
530 2939 610 3003 eins.
653 2936 703 3003 Et
721 2937 946 3003 dominneonlt
965 2932 1122 2999 mandare
1139 2945 1250 2994 enma

130 3050 246 3140 plaga.
292 3048 331 3114 Si
352 3047 514 3114 dederitis
533 3051 773 3136 propensata,
795 3048 904 3114 anina
926 3049 1035 3112 cestra
1058 3039 1184 3107 videbit
1200 3055 1250 3101 se·

133 3183 206 3226 men
222 3155 415 3245 languenam.
458 3157 508 3223 Et
521 3157 591 3224 enit
606 3159 752 3224 dominns
775 3155 907 3247 anferre
923 3155 965 3220 de
980 3151 1095 3218 dolore
1112 3147 1252 3213 animone

84 3249 87 3254 Ι
133 3271 224 3347 decr,
247 3268 417 3334 ostendere
432 3269 463 3334 ei
477 3267 598 3347 lacem,
625 3266 814 3359 etsormare
833 3263 1074 3350 intelligentia,
1094 3255 1251 3345 indifica-

132 3403 172 3449 re
190 3381 312 3446 iactam
335 3380 412 3446 bene
437 3380 624 3447 seruientem
645 3379 764 3446 multis.
811 3377 861 3446 Et
881 3377 1019 3466 peccata
1045 3372 1161 3436 nostra
1181 3365 1254 3452 ipse

133 3615 193 3673 non‘
206 3617 406 3687 intellexerunt;
431 3633 488 3672 nam
505 3621 565 3686 post
583 3611 675 3673 circi
710 3635 732 3672 c.
742 3613 784 3672 47.
801 3633 827 3671 n.
837 3615 865 3684 1)
872 3611 960 3666 reddi:
972 3607 1055 3679 „Was
1070 3601 1115 3655 das
1127 3593 1256 3652 aubetrdss

132 3705 278 3775 posuerunt
293 3703 375 3768 culon,
390 3701 541 3757 reddentes:
561 3705 673 3772 qnia...
709 3701 803 3755 dass..
815 3714 859 3754 ,so
874 3699 909 3749 ist
926 3694 975 3746 er“
989 3695 1058 3742 etc..

134 3791 192 3843 eins
202 3801 214 3853 ;
238 3785 271 3838 ab
294 3785 479 3852 inipritatitns
492 3793 559 3844 etc..
590 3789 675 3842 Etiam
760 3782 786 3838 4.
807 3783 892 3842 taire]
903 3775 966 3830 Seii.
977 3767 1079 3824 ariete.
1101 3762 1166 3818 niue
1178 3770 1258 3826 repo·

133 3874 266 3939 interpres
282 3869 508 3938 Campidoueusis:
534 3875 627 3942 „Derm
645 3889 675 3926 er
709 3870 748 3922 sui
772 3883 804 3920 ex
829 3868 942 3928 utroque
967 3853 1025 3909 eod.
1046 3853 1126 3904 msto.
1158 3843 1261 3906 Nempe

134 3959 169 4010 ist
190 3971 248 4008 rom
267 3953 355 4008 Laude
380 3954 426 4008 ter
441 3956 606 4024 Lebcndigen
628 3957 674 4008 ab·
709 3953 786 4008 editio
799 3943 976 4012 Stephaniaua
989 3937 1264 3996 caeternea¹¹⁰⁰¹¹¹¹¹⁰⁸

135 4041 298 4108 Beschniiten
313 4040 434 4110 worden,
461 4040 514 4094 und
527 4055 618 4108 aegea
633 4041 674 4093 in·
710 4039 764 4106 (hic
790 4037 817 4086 et
838 4027 908 4081 Diei.
935 4039 960 4120 c:
981 4021 1027 4073 Tr.
1051 4005 1269 4104 e.1a)¹¹{b⁰¹¹{

134 4141 179 4178 rer
193 4125 300 4180 Sinden
313 4127 348 4178 ist
364 4141 393 4178 er
408 4127 435 4178 in
448 4125 497 4180 den
511 4123 564 4179 Tod
578 4137 674 4192 gagen·
710 4120 808 4182 odrae,
827 4108 854 4165 id
868 4105 937 4178 quod
954 4119 981 4158 rn
997 4099 1054 4155 coi.
1073 4097 1149 4152 Alex·
1164 4107 1225 4144 tow
1241 4107 1263 4142 ο

134 4211 215 4279 gent·
251 4211 368 4266 Debebat
383 4211 428 4278 (ci.
445 4209 475 4264 ta
488 4207 610 4279 particula
629 4199 675 4262 ire
709 4200 849 4258 invenitur.
