2910 4774
552 271 760 335 nronoorn
781 273 818 333 11.
1180 271 1242 339 171

129 457 281 502 acescere
304 457 371 502 cum
396 443 484 521 viro,
509 446 562 520 qui
583 448 714 523 praeter
731 448 863 506 naturae
884 445 988 523 legem
1005 447 1038 505 et
1051 447 1181 524 praeter
1194 447 1243 510 ius

130 553 257 612 omniuo
276 553 449 630 voluptatis
466 556 535 614 vies
552 555 788 633 ingrederetur,
808 557 985 632 aconiugio
1003 557 1168 617 discedere
1184 573 1244 618 vo·

130 662 201 722 luit.
246 662 308 722 Sed
325 665 378 723 ubi
393 682 411 723 a
428 665 493 724 suis
514 666 609 725 valde
634 668 749 742 rogata
772 668 841 744 est,
867 667 919 742 qui
936 667 1109 726 suadebant
1131 672 1165 726 ut
1185 668 1244 727 ad-

130 773 194 833 lruc
216 776 373 848 maneret,
394 793 486 850 quum
510 778 640 836 maritus
663 777 788 836 tandem
805 776 972 852 aliquando
989 793 1076 854 spem
1094 778 1245 838 mutatio-

129 885 181 944 nis
205 885 362 946 allaturus
386 886 444 962 sit,
482 887 544 945 vim
564 888 626 946 sibi
649 887 789 946 inferens
812 887 967 946 manebat.
1011 887 1245 982 Atpostquam

131 997 202 1056 eius
224 997 355 1056 maritus
376 996 602 1056 Alexandriam
626 997 790 1074 profectus
815 998 927 1074 peiora
954 996 1061 1058 secere
1085 1000 1245 1060 nuntiatus

132 1108 210 1182 est,
226 1105 329 1165 verita
352 1123 391 1166 ne
411 1107 515 1183 inique
534 1110 566 1166 et
583 1108 675 1184 impie
693 1107 846 1167 factorum
866 1108 1026 1186 particeps
1042 1110 1149 1187 fieret,
1172 1109 1246 1168 siin

132 1215 278 1292 coniugio
294 1219 434 1276 maneret
450 1220 482 1276 et
500 1219 603 1278 victus
627 1217 751 1292 torique
776 1234 908 1277 consors
931 1221 1028 1296 esset,
1049 1221 1146 1280 misso
1162 1219 1246 1295 quod

131 1327 256 1387 voeatis
272 1328 406 1404 repudio
423 1329 580 1388 discessit.
625 1327 699 1387 'lum
714 1328 899 1404 praeclarus
916 1330 949 1387 et
970 1329 1072 1388 bonus
1093 1330 1161 1389 eius
1177 1326 1246 1388 ma·-

131 1437 232 1514 ritus,
256 1455 348 1513 quum
367 1439 509 1514 gaudere
529 1439 660 1500 deberet
678 1443 760 1516 quod
777 1457 857 1517 quae
881 1439 955 1498 clim
978 1456 1058 1498 uxor
1081 1457 1149 1498 cum
1174 1456 1246 1498 ser-

131 1549 183 1607 vis
212 1549 245 1606 et
271 1549 473 1607 mercenariis
505 1551 623 1608 temere
652 1552 876 1628 perpetrabat,
915 1549 1071 1608 ebrietate
1103 1551 1246 1625 gaudeus

133 1659 277 1734 omnique
293 1659 485 1736 vitiositate,
509 1659 614 1722 abluis
633 1661 694 1720 iam
714 1661 866 1720 iaciendis
886 1660 1040 1720 deterrita
1062 1658 1176 1718 fuisset
1193 1661 1246 1720 at·-

132 1772 193 1845 qu'e
208 1769 309 1846 ipsum
325 1769 364 1828 ab
382 1769 492 1828 iisdem
508 1771 636 1848 flagitiis
652 1773 817 1832 deterrere
833 1771 991 1830 studeret:
1015 1787 1106 1845 quum
1124 1769 1155 1829 id
1172 1771 1246 1829 nol-

131 1881 179 1940 let
198 1877 322 1956 lacere,
357 1880 531 1956 digressam
559 1881 743 1956 accusabat,
765 1881 923 1940 affirmans
950 1897 1018 1939 eam
1037 1878 1246 1940 Christianam

132 2007 217 2050 esse.
260 1989 301 2050 Et
316 1991 373 2050 illa
390 1991 513 2066 quidem
533 1991 645 2050 libello
662 1991 720 2049 tibi
736 1992 920 2068 imperatori
939 1991 1047 2050 oblato
1066 1991 1194 2066 rogavit
1211 1991 1246 2050 ut

131 2103 221 2180 prius
245 2101 305 2162 sibi
329 2103 434 2162 domui
458 2117 534 2160 suae
556 2102 741 2179 prospicere
765 2103 896 2179 liceret,
926 2102 1039 2162 deinde
1062 2099 1245 2160 domesticis

131 2213 228 2273 rebus
248 2213 430 2289 compositis
453 2229 676 2289 responsuram
699 2231 734 2272 se
754 2212 955 2272 accusationi.
999 2211 1103 2286 Atque
1119 2211 1151 2269 id
1167 2227 1245 2270 con-

132 2323 268 2392 cessisti.
312 2324 355 2383 At
377 2323 469 2382 liuius
496 2325 650 2400 quondam
671 2325 816 2400 maritus,
839 2323 891 2399 qui
907 2323 967 2382 iam
987 2323 1140 2382 adversus
1158 2320 1246 2380 illam
1304 2375 1306 2381 .

131 2435 219 2494 litem
235 2433 384 2511 persequi
399 2452 460 2494 nou
479 2437 623 2512 poterat,
645 2435 676 2492 in
692 2433 905 2493 Ptolemaeum
931 2433 1107 2510 quemdam,
1128 2432 1180 2508 qui
1205 2431 1245 2490 ab

131 2544 246 2604 Urbico
265 2545 395 2605 allectus
411 2545 567 2622 supplicio
584 2547 648 2621 est,
674 2546 788 2620 quique
805 2545 891 2604 illiue
908 2545 1048 2603 mulieris
1064 2545 1095 2602 in
1115 2542 1246 2602 christi-

132 2671 193 2714 ana
209 2655 374 2733 disciplina
389 2655 540 2732 magister
555 2654 669 2732 luerat,
690 2655 838 2732 impetum
853 2671 941 2713 suum
956 2653 1017 2713 hcc
1030 2653 1122 2712 modo
1137 2652 1245 2711 vertit.

133 2765 331 2843 Centurioni,
357 2767 472 2842 quippe
499 2765 597 2824 amico
624 2782 698 2841 suo,
720 2783 738 2824 a
759 2782 820 2840 quo
844 2763 1045 2824 Ptolemaeus
1069 2765 1099 2821 in
1119 2761 1245 2821 vincula

131 2877 292 2938 coniectus
312 2878 377 2954 est,
399 2876 559 2954 persuasit
582 2877 617 2935 ut
636 2875 849 2934 Ptolemaeum
873 2873 1129 2952 apprehenderet
1149 2871 1244 2947 idque

132 3059 165 3114 do
179 3055 281 3115 αὐτοῦ.
302 3059 387 3114 Adeas
403 3057 508 3126 Apoll.
527 3075 549 3113 c.
561 3057 586 3114 8.
606 3074 632 3113 n.
644 3056 669 3113 ⁵.
707 3057 812 3125 Goaria,
832 3058 945 3110 Braunio
963 3057 1074 3110 eamdem
1092 3056 1245 3122 scripturam

203 3183 245 3242 12,
268 3185 419 3254 popum]
449 3149 588 3255 symma,
613 3187 671 3240 Mo·
706 3145 795 3213 sequi,
822 3143 985 3210 caeteroquin
1008 3143 1087 3208 magis
1106 3155 1243 3194 romanam.

131 3273 210 3339 rell,
229 3273 324 3341 Grab,
343 3273 507 3326 Tlralemann.
532 3273 672 3340 διοίκησιν
776 3229 817 3283 ¹4·
843 3224 961 3326 fifides]
975 3227 1020 3332 Ἠ.
1044 3227 1189 3296 Stephanus
1211 3223 1243 3294 (l.

133 3351 278 3424 ι’·πὲσχιτο.
323 3357 375 3410 Sed
396 3351 529 3424 ὑπέσχετο
555 3359 627 3410 abest
657 3375 670 3411 a
706 3309 1140 3451 θ’)θξξοῑῑῗᾚὶζωῃἘθξωιῐχ
1219 3389 1245 3434 ,-

132 3443 208 3497 ccdd.
228 3443 333 3497 Eusebli
351 3443 422 3494 mstis
435 3441 625 3510 antiquissimis,
644 3442 670 3496 ll.
811 3441 817 3454 ·
954 3417 978 3464 ⁰·
1002 3416 1073 3452 “¹²²⁰
1089 3412 1174 3450 ¹⁰v²⁰
1189 3412 1226 3462 μθ

133 3545 157 3582 e.
176 3529 296 3596 (lilarauc
309 3526 672 3594 observante)aduobusCol-
706 3504 757 3538 W
772 3485 810 3550 εἰ]
832 3486 870 3537 ¹¹³
894 3483 989 3536 ¹¹¹⁰¹¹i¹¹¹
1013 3483 1046 3536 H·
1065 3481 1188 3550 5¹⁰Ph³¹¹i
1212 3479 1243 3549 (¹-

132 3611 241 3666 pefqnps
260 3615 286 3665 ,p
304 3628 355 3665 u„
376 3614 474 3680 Regio,
495 3615 570 3680 aque
588 3615 673 3681 pom,
706 3570 746 3638 c.)
769 3573 796 3669 et
813 3569 935 3622 Pearsoni
957 3584 1004 3637 pro
1019 3569 1086 3634 vulg.
1107 3565 1154 3619 nul
1170 3561 1245 3630 α’νερ.

823 3651 830 3671 ἱ
899 3657 909 3669 u
997 3648 1003 3667 Ι

132 3698 223 3750 abesse
237 3698 292 3751 siue
308 3699 359 3751 ullo
372 3699 515 3752 sententiae
530 3697 630 3752 damno.
707 3655 734 3710 εἰ
760 3674 830 3708 “²²²⁰
858 3674 944 3708 '⁰⁹²⁰
967 3671 1057 3752 (ΜΨ
1073 3649 1245 3745 f⁰⁹⁰¹¹⁰¹¹f¹¹¹¹¹¹

707 3755 799 3792 censeo
819 3741 859 3792 vel
882 3743 938 3792 tota
957 3741 1117 3792 librariorum
1143 3737 1245 3785 natione

202 3824 244 3880 13.
265 3819 417 3894 Οῧρβικος]
445 3825 541 3879 Euseb.
565 3819 672 3895 Ου’ρβί-
706 3827 882 3891 repugnante,
916 3840 991 3892 quum
1014 3817 1163 3889 praesertim
1187 3831 1246 3873 mex

131 3927 203 3972 κως.
241 3910 292 3964 Sed
316 3927 392 3980 quum
413 3926 427 3963 a
448 3911 545 3963 lust-inc
572 3912 671 3965 Urbi·
707 3912 828 3976 sequatur
849 3899 1074 3973 ὁμοίωςαύτὸ
1092 3901 1178 3954 τοῦτο
1193 3895 1246 3967 μό·

132 4011 189 4047 cus
216 4000 323 4049 uocetur
346 3999 382 4063 (c.
400 3997 423 4050 1.
448 4009 474 4062 p.
492 3996 536 4049 41.
558 3995 598 4048 B:
626 3993 671 4050 lul
706 4009 757 4044 uos
784 3987 926 4058 ἐξητάσθη
953 3989 980 4044 εἰ
1002 3989 1044 4056 εἴη
1068 3981 1245 4055 Χριστιανός.

134 4075 279 4151 mecum
296 4083 322 4134 et
340 4083 405 4136 inira
429 4070 609 4152 ὦΟὔρβικι),
629 4095 671 4133 ss·
706 4075 884 4144 adstipulatur
901 4077 952 4130 illis
969 4075 1094 4139 Goezius,
1114 4073 1163 4125 nisi
1180 4070 1247 4140 quod

131 4167 183 4220 iius
199 4167 299 4221 videtrrr
319 4167 348 4220 iu
370 4167 410 4219 his
434 4166 526 4231 eliam,
555 4181 618 4233 quae
639 4179 671 4218 ex
705 4157 796 4216 αὐτόν
822 4163 927 4230 scribit;
957 4159 1003 4214 sed
1029 4154 1102 4214 adrui
1127 4159 1193 4212 bene
1217 4173 1246 4212 se

131 4251 246 4307 Eusebio
260 4251 375 4306 desumta
388 4254 465 4318 sunt,
485 4265 541 4304 cum
555 4249 670 4315 llarano,
706 4247 794 4302 hahet.
