2914 4774
448 927 893 1018 ananelum.
921 920 930 976 ⁷

114 1251 467 1383 Quumrmquanao·
480 1290 525 1360 aa
547 1290 689 1362 aranas
703 1286 1053 1396 ruanrrnnsapn
1071 1295 1107 1360 a
1122 1286 1225 1360 Mara

13 1459 15 1500 ;
112 1417 198 1508 tyris
225 1425 368 1506 utraque
395 1417 576 1510 Apologia
601 1425 637 1486 et
662 1417 813 1509 Dialogo
840 1439 919 1486 cum
945 1416 1143 1510 Tryphone
1158 1420 1225 1490 ha-

13 1519 16 1548 ‘
111 1543 188 1610 bito
224 1541 530 1637 Baumgartepium
565 1542 743 1630 Cnrsium,
789 1551 1062 1636 praeceptorem¹
1090 1545 1230 1633 carrissi-¹

111 1671 229 1756 mnirr,
254 1669 348 1738 cuius
372 1668 573 1738 memoriam
590 1668 687 1738 nulla
707 1691 862 1758 unquam
876 1668 1008 1736 delebit
1026 1675 1226 1761 temporum

112 1794 366 1887 longinquitas,
408 1793 670 1864 consuluissem:
707 1801 827 1876 apctor
856 1793 886 1862 i'e
917 1793 1004 1860 mihi
1030 1793 1095 1862 fuit
1121 1793 1229 1882 atad

113 1919 237 1986 omnia.
251 1919 368 2032 potins
392 1891 633 2016 operapqnae
658 1927 718 1988 aut
744 1918 816 1988 sine
829 1918 902 1986 nlla
929 1917 1142 2004 dubitatione
1166 1927 1229 1988 aut

112 2043 228 2134 aliqua
247 2066 325 2114 cnm
348 2045 595 2150 probabilitate
620 2045 666 2114 ad
685 2045 824 2112 Patrem
844 2043 943 2112 illurn
963 2040 1227 2115 celeberrimum

111 2169 326 2256 referuntur,
361 2169 497 2240 edenda
519 2193 577 2240 me
592 2169 810 2240 conferrem.
844 2169 973 2240 ¹'Cuius
1000 2169 1066 2240 viri
1090 2171 1226 2240 incom-

111 2294 275 2386 parabilis
299 2303 464 2387 paternae
491 2295 585 2388 apud
607 2317 670 2364 me
688 2293 879 2378 auctoritati
899 2294 1150 2378 lubentissime
1158 2297 1226 2365 ob·

112 2421 359 2511 temperabam.
393 2421 513 2508 Editio
529 2429 651 2490 autem
657 2421 797 2490 illorum
812 2441 960 2512 opernm
973 2420 1035 2490 niu
1051 2443 1092 2490 ac
1105 2421 1225 2514 gravi-

111 2553 165 2612 ter
183 2545 376 2614 desidcrata
392 2546 453 2627 ubi
468 2568 558 2616 anno
569 2545 1103 2636 MDCCC-llhllseqrinlucem
1120 2546 1225 2616 emis-

113 2693 151 2738 sa
175 2678 247 2756 est,
270 2671 403 2760 aliquot
426 2655 491 2740 viri
510 2671 546 2738 in
562 2671 633 2738 hoc
652 2670 841 2740 studiorum
856 2695 986 2764 genere
1003 2671 1225 2741 excellentis-

113 2794 208 2881 simi,
236 2803 270 2862 et
293 2802 462 2864 nostrates
488 2804 523 2863 et
542 2797 672 2884 exteri,
704 2797 828 2888 quibus
846 2821 944 2868 meae
970 2797 1225 2886 qualescunque

115 2931 216 2988 curae
241 2940 312 2988 aon
337 2920 634 3011 improbarentur,
660 2922 835 3012 petierunt
850 2930 889 2988 ut
908 2921 985 3012 pari
999 2923 1132 2988 ratione
1153 2943 1225 2988 non
1290 2935 1295 2941 ·
1412 2947 1414 2950 ·

112 3029 244 3111 tantum
264 3045 573 3114 subditicialustini
591 3067 698 3138 opera
710 3044 806 3112 haud
819 3043 1041 3136 despicienda
1057 3045 1119 3113 sed
1136 3067 1224 3138 apo-

112 3169 282 3261 logeticos
298 3171 399 3238 etiam
420 3170 578 3258 Tatiani,
602 3171 868 3263 Athenagorae,
893 3169 1098 3262 Theophili,
1129 3171 1225 3240 Her-

112 3293 200 3361 miae
217 3295 325 3387 libros
341 3297 442 3387 prelo
460 3297 694 3366 submitterem
711 3305 814 3385 atque
832 3293 1035 3384 sicquidem
1049 3295 1225 3388 integrum

13 3451 17 3516 4
113 3417 276 3510 „Corpus
299 3420 576 3512 Apologetarnm
610 3417 874 3489 christianorum
903 3418 1030 3488 saeculi
1058 3421 1224 3489 secundi“

112 3527 357 3612 absolverem.¹
391 3527 444 3612 Ne
469 3545 566 3634 quod
592 3545 655 3615 viri
679 3528 878 3614 auctoritate
897 3567 1018 3635 graves
1040 3545 1225 3614 voluerunt

110 3667 351 3758 repudiarem,
377 3689 485 3760 opera
497 3669 561 3737 ista
579 3669 760 3738 subditicio
774 3670 899 3762 partim
915 3665 1082 3759 superiori
1097 3670 1231 3760 partim.

111 3780 181 3860 hoe
199 3793 278 3884 ipso
297 3815 387 3860 anno
412 3793 504 3862 foras
533 3793 625 3862 dedi.
676 3794 775 3862 Prius
793 3815 896 3881 vero,
925 3774 1027 3882 q'mm
1045 3792 1090 3860 ad
1108 3800 1249 3868 caete„
1391 3813 1398 3821 ·

111 3938 169 3985 ros
192 3917 412 4009 Apologetas
436 3918 533 3985 licuit
560 3918 743 4005 accedere,
776 3921 895 3988 animo
915 3918 960 3986 ad
979 3919 1145 3986 lustinum
1166 3937 1234 3986 red

113 4049 236 4110 vocato
265 4043 373 4110 altera
394 4043 547 4110 omnium
571 4065 659 4131 qnae
687 4065 814 4112 nomen
840 4044 910 4112 eius
935 4064 1019 4134 prae
1050 4064 1086 4108 se
1110 4040 1225 4110 ferunt

114 4187 259 4258 operum
276 4167 382 4236 editio
400 4167 487 4237 mihi
500 4167 699 4238 adornanda
714 4168 800 4251 fuit3
824 4167 862 4236 id
879 4165 986 4256 qnod,
1010 4189 1116 4256 quum
1133 4190 1223 4238 non-
