2910 4774
572 283 780 348 Arctooln
800 285 839 348 11.
1192 275 1256 352 201
1369 381 1371 388 Ι

146 453 304 516 hominum
317 456 411 516 etiam
427 455 555 534 sanguis
571 456 784 535 adspergitur,
797 456 868 518 dum
882 473 942 536 per
954 457 1158 520 clarissimum
1172 460 1258 538 apud

146 582 206 626 vos
223 567 256 625 et
270 565 498 626 nobilissimum
512 567 614 626 virum
631 567 805 627 occisorum
820 568 1006 645 sangninem¹
1019 569 1145 630 libatis:
1170 569 1257 630 lovis

146 678 251 736 autem
274 675 469 752 aliorumque
489 676 665 736 imitatores
685 692 773 754 esse,
795 677 867 738 dnm
880 679 1018 738 maribus
1039 679 1080 740 ad
1095 679 1259 740 libidinem

146 787 262 846 utimur
285 788 318 846 ct
342 803 410 847 cum
430 785 554 846 feminis
576 787 696 862 absque
720 787 833 847 timore
849 789 1099 868 consuescimus,
1121 806 1162 850 ex
1176 787 1259 867 Epi-

148 896 216 956 curi
233 897 266 956 ct
291 897 456 973 poetarum
481 895 608 973 scriptis
623 895 836 957 defensionem
854 899 1027 974 petentesi
1048 898 1111 959 Sed
1126 899 1205 976 qnia.
1216 899 1258 960 ab

147 1004 199 1065 liis
214 1006 366 1066 institutis
389 1008 422 1066 et
443 1007 483 1066 ab
509 1006 662 1066 eiusmodi
680 1005 853 1068 facinorum
868 1008 1050 1068 auctoribus
1065 1010 1097 1068 et
1116 1009 1257 1069 imitato·

148 1115 237 1176 ribus
258 1116 677 1194 refugiendnmsuademus,
702 1116 735 1176 id
751 1119 834 1194 quod
851 1119 946 1178 etiam
961 1135 1042 1178 nuno
1060 1117 1120 1178 hac
1134 1118 1166 1177 in
1181 1134 1258 1178 ora·

148 1225 235 1285 tione
257 1226 489 1304 contendimus,
511 1227 610 1286 variis
631 1227 731 1288 modis
751 1245 983 1306 oppugnamnr3
1008 1231 1042 1288 at
1064 1228 1157 1306 parvi
1177 1243 1259 1305 pen-

150 1335 267 1415 dimus,
297 1337 370 1412 qnia
392 1336 484 1396 doum
509 1337 721 1414 inspectorem
743 1337 876 1398 omnium
897 1338 1013 1398 iustum
1039 1354 1112 1398 esse
1134 1339 1258 1398 scimus.

149 1445 273 1508 Utinam
293 1463 374 1506 nuno
393 1461 516 1522 quoque
540 1447 654 1522 aliquis
675 1447 797 1523 tragica
814 1463 894 1506 voce
913 1447 1106 1508 exclamaret
1129 1464 1171 1508 ex
1186 1449 1259 1508 loco

151 1556 298 1633 quopiam
321 1555 496 1633 superiori:
536 1537 692 1640 „Pudeat,
719 1556 839 1633 pudeat
856 1571 915 1633 vos
931 1573 1011 1632 qnae
1031 1557 1137 1634 palam
1152 1555 1259 1618 facitis

150 1666 183 1725 in
197 1665 378 1725 innocentes
400 1664 563 1741 conterre,
587 1666 621 1724 et
643 1681 722 1741 qnae
739 1665 831 1724 vobis
848 1665 927 1743 ipsis
943 1682 981 1726 ac
994 1665 1055 1726 diis
1073 1667 1193 1726 vestris
1208 1667 1260 1726 in-

150 1773 285 1834 haerent
305 1774 458 1852 aifingere
481 1775 521 1834 iis
538 1791 616 1851 quos
634 1791 674 1836 ne
691 1775 814 1834 minima
830 1776 953 1852 quidem
970 1791 1010 1836 ex
1027 1776 1120 1854 parte
1135 1776 1259 1836 contin·

150 1888 236 1962 gunt.
277 1883 499 1963 Immutamini,
520 1883 734 1962 resipiscitet“

218 1995 268 2053 13.
288 1991 366 2053 Nam
381 2010 441 2071 ego
454 2011 587 2073 qnoque,
609 2012 702 2072 quum
717 1994 960 2073 integumentum
976 1995 1132 2056 nefarium
1146 2012 1165 2056 a
1181 2013 1260 2074 pra-

149 2103 203 2164 vis
219 2104 421 2164 daemonibus
435 2105 475 2164 ad
492 2105 699 2165 deterrendos
714 2107 859 2164 caeteros
877 2105 1019 2166 homines
1036 2106 1150 2166 divinis
1165 2104 1260 2165 Chri-

149 2213 324 2274 stianornm
340 2213 491 2273 doctrinis
502 2215 648 2276 iniectum
662 2215 817 2294 viderem,
837 2217 870 2274 et
884 2215 1061 2276 huiusmodi
1076 2215 1260 2275 mendacio-

149 2341 219 2384 rum
234 2325 380 2384 auctores
396 2327 428 2384 et
443 2325 545 2402 ipsum
559 2325 802 2404 integumentum
818 2327 851 2385 et
872 2325 1058 2403 popularem
1082 2326 1259 2403 opinionem

150 2434 245 2494 irrisi.
267 2434 477 2512 lleprofiteor
491 2434 578 2496 laudi
594 2436 714 2496 ducere
725 2437 758 2495 et
778 2435 860 2495 omni
875 2435 1072 2495 dimicatione
1088 2436 1262 2495 contende-

151 2561 188 2606 re
203 2546 238 2606 nt
254 2543 451 2604 Christianus
465 2545 626 2622 reperiar,
648 2561 710 2604 non
725 2545 808 2623 quod
821 2545 944 2605 alienae
964 2546 1028 2604 sint
1042 2544 1184 2604 Platonis
1200 2546 1261 2606 do-

151 2657 271 2716 ctrinae
290 2672 310 2714 a
329 2651 472 2732 christu,
493 2655 552 2714 sad
571 2656 655 2732 qood
669 2672 731 2714 non
747 2655 868 2715 omnino
884 2654 1002 2714 similes
1017 2654 1089 2731 sint,
1111 2656 1146 2715 ut
1158 2665 1261 2731 nequo

152 2767 367 2842 caeterorum,
388 2781 499 2842 nempe
528 2763 703 2824 Stoicorum
725 2765 758 2824 et
783 2764 947 2841 poetarum
972 2764 1004 2822 et
1028 2762 1260 2824 historicorum.

152 2874 289 2952 Quisque
306 2875 388 2936 onim
408 2891 448 2935 ex
460 2876 552 2952 parte
569 2873 761 2936 disseminati
775 2873 871 2932 divini
885 2873 952 2950 logi
968 2874 1133 2955 cognatum
1148 2873 1262 2935 videns

152 3057 251 3111 tiaran.
273 3058 379 3127 voluit),
404 3059 446 3112 vel
461 3062 536 3112 antea
554 3056 688 3125 legendnm
722 3072 828 3125 rumque
851 3053 991 3108 doctrinam
1019 3071 1034 3108 a
1057 3055 1160 3109 christo
1185 3055 1212 3111 h.
1235 3071 1260 3112 c.

151 3137 342 3209 καταγελάσας
357 3142 397 3212 (id
412 3142 491 3197 Goez.
506 3142 628 3212 recepit).
722 3143 798 3209 logo,
823 3139 869 3192 sed
894 3155 942 3192 nec
966 3154 1072 3208 prorsus
1096 3141 1120 3193 ei
1144 3139 1261 3194 similem.

155 3259 157 3264 ·
221 3226 247 3282 8.
267 3228 319 3282 τοῦ
342 3227 477 3293 Χριστοῦ]
496 3227 585 3278 Monet
604 3225 689 3279 Thirl-
723 3225 788 3280 Nam
804 3226 847 3294 qui
862 3224 944 3292 aliqua
966 3240 997 3278 en
1014 3229 1088 3293 parte
1106 3224 1205 3278 illum
1219 3223 1261 3276 in-

152 3312 210 3365 bins
238 3312 325 3380 legere
346 3314 384 3367 lo.
400 3311 526 3364 clericum
549 3311 608 3364 seio
637 3310 690 3364 τοῦ
725 3309 795 3363 venit
816 3312 843 3360 et
861 3323 975 3362 rerum
999 3309 1198 3362 divinarum
1221 3309 1263 3360 est

153 3397 295 3464 Χριστοῦ,
329 3397 397 3466 quod
423 3395 523 3466 quidem
545 3411 598 3448 non
618 3394 690 3450 valde
724 3395 841 3448 notitiam
856 3393 962 3463 adeptus
976 3409 1033 3446 cnm
1047 3393 1116 3446 illius
1135 3391 1261 3460 cognitio-

154 3483 326 3536 necessarium
342 3483 451 3542 ridetur.
482 3479 621 3534 Marones.
726 3495 759 3534 ne
785 3479 957 3542 coniunctam,
992 3477 1095 3545 egregie
1116 3477 1139 3529 is
1162 3477 1262 3529 locutus

223 3570 250 3622 4.
262 3561 400 3628 Ἕκαστος
469 3561 640 3632 ἐφθέγξατο]
658 3562 692 3618 Η.
728 3569 777 3620 est.
815 3564 854 3620 cl.
868 3565 944 3617 ctiam
960 3579 982 3618 c.
993 3563 1041 3614 lo:
1053 3555 1127 3617 Ὅσα
1142 3555 1195 3627 γὰρ
1209 3577 1262 3612 κα·

156 3669 180 3706 e.
216 3653 297 3718 Quem
314 3651 346 3705 ad
364 3648 465 3703 modum
485 3661 533 3718 pro
555 3665 601 3703 sua
622 3650 693 3719 quis·
728 3649 784 3709 ieie
800 3641 845 3702 cist
862 3645 1108 3717 ἐφθέγξαντο...,
1125 3642 1198 3698 κατὰ
1212 3639 1261 3697 to'·

157 3753 206 3806 qne
229 3741 302 3806 parte
325 3737 402 3803 logon
426 3731 470 3803 (vt
493 3731 628 3804 συγγενὲς)
649 3750 693 3788 oo·
727 3750 779 3800 γοα
800 3730 886 3800 μέρος
914 3726 1046 3799 εὑρέσεως
1069 3729 1117 3784 καὶ
1138 3727 1264 3795 θεωρίας

157 3823 254 3890 guerit,
272 3823 307 3874 ita
322 3824 363 3874 cst
378 3819 507 3886 praeclare
523 3819 631 3874 locutus.
652 3815 693 3873 Τὸ
728 3811 786 3870 ἐστὶ
807 3814 970 3884 sospitate
987 3812 1095 3876 αὐτοῖς.
1117 3841 1147 3852 -
1190 3812 1264 3884 Quod

157 3903 293 3976 συγγενές,
311 3905 429 3959 nimirum
442 3903 632 3972 σπερματικοῦ
642 3900 692 3958 tt·
728 3900 853 3968 sequitur,
876 3895 1013 3954 τάναντία
1027 3894 1135 3964 αὐτοῖς,
1159 3897 1264 3963 Longus

156 4011 216 4061 pou.
243 3991 364 4045 Minime:
399 3992 468 4060 pecc
484 3989 557 4044 siti
574 3991 692 4058 metopae,
726 3984 791 4060 male
805 3985 944 4038 transient:
963 3988 1033 4058 disce
1049 3985 1158 4038 omitto.
1185 3977 1262 4048 „Ari-

157 4095 179 4133 s.
205 4093 252 4132 ecc
277 4079 385 4146 meisque
404 4079 529 4145 topacio,
554 4079 693 4142 ocpootcm
726 4072 787 4132 τοῖς
803 4070 845 4122 hic
860 4069 926 4123 idem
942 4073 982 4124 est
996 4073 1071 4138 atque
1085 4063 1216 4130 ἑαυτοῖς,
1235 4069 1265 4118 ut

157 4164 236 4215 uidet.
271 4162 380 4216 Dixerat
407 4165 482 4216 antea
514 4161 613 4226 Martyr
642 4171 693 4210 non
727 4159 754 4208 et
767 4150 1263 4226 alibiseepeapudlostinumaliosquc.“

159 4247 260 4300 omnino
283 4247 390 4301 alienam
415 4259 472 4300 esse
495 4244 610 4299 Plutonis
630 4241 692 4296 alic-
728 4240 856 4310 (lininio.)
