2914 4774
495 259 883 335 PROLEGOMENA.
1130 285 1255 338 rnna

133 454 338 541 pamniam
362 445 498 539 Martyr
528 449 566 516 in
592 473 637 520 eo
666 451 795 538 comit,
828 449 923 540 qnod
954 449 1139 523 ceronam
1164 455 1243 523 ubi·

133 596 202 666 qne
226 583 395 642 terrarum
421 573 605 645 daemones
623 597 687 668 per
703 596 831 646 nomen
855 577 932 646 leur
950 577 1080 648 Christi
1100 601 1145 648 ex
1164 603 1245 649 cor-

131 701 277 794 poribus
300 700 479 770 hominurn
513 703 691 800 expellant
727 703 773 793 (c.
792 701 844 794 o).
897 703 1011 772 Tanta
1044 728 1148 794 quum
1178 706 1245 774 sint

135 826 264 896 Christi
299 825 484 913 beneficia,
526 827 692 896 mnndum
725 829 810 900 deus
847 835 994 923 propter
1031 830 1244 900 Christianos

133 961 333 1036 conservat,
368 953 517 1021 necdum
549 951 593 1021 de
623 953 866 1043 daemonibus,
896 956 1065 1024 malorum
1093 957 1244 1024 auctori-

131 1079 216 1166 bus,
241 1079 343 1147 sumit
368 1079 595 1171 supplicium
620 1079 657 1146 in
679 1081 798 1173 ignem
818 1091 933 1151 antem
964 1091 1141 1150 aeternum
1162 1083 1244 1151 mit-

132 1215 249 1274 tcntur
265 1227 370 1294 quum
397 1205 458 1273 liet
490 1205 740 1298 conflagratio,
768 1227 855 1298 qnae
884 1217 999 1276 tamen
1019 1229 1091 1276 non
1114 1229 1157 1276 ex
1172 1205 1262 1276 fato*

135 1331 286 1417 eveniet,
313 1331 392 1420 quia
416 1331 523 1398 latum
545 1355 609 1400 nec
634 1332 784 1401 libertati
811 1357 875 1402 nec
896 1323 1017 1402 ‘virtuti
1041 1336 1157 1403 locum
1187 1357 1244 1403 re-

133 1457 259 1547 linquit
280 1457 327 1546 (c.
342 1455 394 1546 Ἰ).
419 1491 471 1508 -·
514 1457 687 1527 Deinde
717 1459 989 1528 Christianorum
1015 1457 1245 1528 innocentiani

132 1585 179 1651 ex
215 1580 299 1675 ipsis
324 1583 626 1676 persecutionibus
665 1585 897 1654 commendari
929 1587 1074 1682 probate
1123 1585 1175 1652 1⁰.
1207 1583 1245 1652 Si

135 1711 226 1778 enim
261 1733 397 1806 semper
421 1711 644 1780 daemonibus
674 1711 772 1778 invisi
798 1711 895 1779 luere
928 1712 987 1801 qui
1021 1711 1148 1778 auxilio
1189 1701 1247 1773 λὸ·

4 1915 5 1918 ¹
133 1859 199 1924 ¹’yon
219 1839 444 1925 σπερματικοῦ
463 1837 622 1923 (rationis
655 1835 907 1927 disseminatae)
934 1839 1082 1926 aliquam
1117 1835 1245 1905 verito-

133 1963 178 2032 tis
201 1947 382 2032 scintillam
406 1963 551 2032 assecuti
589 1973 684 2050 sunt,
721 1973 817 2031 tanto
858 1964 968 2056 magis
1000 1963 1071 2030 istis
1098 1961 1246 2032 Christi-

3 2059 9 2127 r
135 2091 192 2157 ani
222 2087 304 2156 odio
342 2113 415 2158 esse
449 2089 596 2176 debent,
639 2091 698 2180 qui
726 2100 834 2160 totum
869 2089 999 2182 Logon
1032 2091 1245 2158 incarnatum

136 2212 347 2306 (Christum)
363 2223 539 2306 totamque
556 2217 734 2284 veritatem
753 2215 1029 2308 complectuntur
1045 2241 1084 2284 ac
1101 2215 1248 2283 daemon

136 2367 199 2411 nes
227 2342 435 2434 expellendo
469 2353 608 2410 aeterna
636 2343 675 2410 iis
699 2324 869 2434 supplicia
882 2341 1090 2410 ⁴denuntiant
1114 2343 1160 2432 (c.
1182 2339 1244 2430 8);·

136 2493 224 2558 quae
241 2469 381 2558 quidem
400 2467 569 2560 supplicia
585 2467 707 2558 negari
724 2489 795 2535 non
812 2479 973 2560 possunt,
997 2469 1062 2536 nisi
1084 2477 1142 2535 aut
1160 2465 1245 2535 deus
1281 2479 1282 2482 ’

134 2605 284 2686 negetur
302 2603 360 2661 aut
377 2593 593 2685 providentia
612 2595 657 2682 (c.
671 2591 722 2684 9).
751 2593 935 2663 Christiani
951 2615 1033 2662 vero
1051 2617 1120 2660 non
1139 2591 1244 2660 modo

9 2773 13 2782 .
135 2721 183 2788 ob
206 2714 397 2811 perfectam
418 2719 513 2787 illam
540 2721 709 2804 verbane,
741 2721 836 2788 cuius
862 2719 1027 2788 scintillae
1050 2729 1181 2786 tanturn
1200 2717 1245 2785 ad

136 2848 255 2916 oculos
280 2847 571 2939 pbilosophorum
599 2845 781 2931 fulserant,
804 2841 1037 2936 cognitionem
1065 2843 1244 2910 daemoni·
1339 2838 1341 2842 ’

134 2973 200 3040 bus
220 2973 317 3040 invisi
334 2982 422 3058 sunt,
449 2972 507 3039 sed
526 2959 627 3040 etiam
646 2981 831 3063 propterea
850 2971 944 3060 qnod
962 2969 1119 3038 Christus
1139 2988 1245 3058 prae-³

135 3100 257 3168 stiterit
271 3107 319 3180 ,nt
342 3099 407 3190 ipsi
435 3097 593 3166 homines
610 3096 741 3176 indocti
760 3109 875 3165 veram
895 3095 1087 3162 doctrinam
1111 3092 1245 3160 atinde

134 3225 364 3317 profluentem
395 3225 534 3294 vivendi
570 3225 737 3292 rationem
769 3233 953 3312 sequantur
988 3221 1032 3310 [c.
1061 3219 1135 3308 10).
1189 3217 1241 3287 2⁰.

133 3351 292 3444 Egregia
310 3351 578 3421 Christianorum
602 3351 638 3417 in
657 3347 1158 3442 persecutionibusconstantia
1178 3345 1246 3413 de·-

8 3442 16 3525 i'
135 3479 241 3546 clarat
259 3501 317 3546 eos
336 3477 479 3544 solidam
495 3475 625 3544 virtutis
643 3477 796 3568 efligiern
824 3485 995 3542 assecutos
1012 3495 1083 3542 csse
1103 3473 1148 3562 (c.
1167 3471 1243 3560 ll).

134 3603 187 3672 3⁰.
217 3605 314 3672 Nihil
348 3603 460 3696 aptius
492 3611 544 3670 est
575 3601 871 3694 persecutionibus
903 3600 947 3670 ad
976 3595 1245 3690 propulsandam

134 3731 313 3800 criminum
330 3729 576 3822 suspicionem'3
602 3751 681 3794 naut
702 3725 888 3796 ‘Christiani
910 3747 980 3792 non
1007 3734 1075 3790 tarn
1097 3723 1246 3790 libenter

30 3839 33 3844 ¹
134 3857 280 3924 mortem
299 3864 526 3948 oppeterent,
561 3854 589 3922 si
611 3853 658 3920 ita
681 3844 836 3920 viverent
856 3861 895 3920 ut
919 3871 979 3918 eos
995 3849 1109 3916 vivere
1130 3845 1245 3938 genti-

13 4069 18 4084 ,
131 3983 183 4051 les
201 3983 358 4050 dictitant
381 3983 427 4071 (c.
450 3981 526 4072 12).
545 3979 711 4048 Doctrina
732 3979 914 4048 christiana
937 3977 1044 4066 longe
1074 3971 1149 4066 ipsi
1165 3971 1245 4064 pla-

130 4107 248 4178 conica
272 4118 423 4200 praestat
446 4109 493 4196 (c.
515 4105 589 4190 ld).
907 4105 909 4108 ’
1246 4197 1248 4202 Ι

169 4277 179 4286 -
242 4216 602 4302 Postremo-lustinus
629 4240 731 4326 rogat
744 4231 977 4323 vimperatores
1011 4235 1050 4296 nt
1080 4223 1177 4296 lrunc
1200 4225 1246 4294 lt:-
