2910 4774
512 739 860 829 appendia

300 917 471 988 Antonini
493 917 661 1010 Epistola
678 921 729 988 ud
747 918 939 988 Commune
953 917 1076 988 Asiae.
1176 893 1179 898 ¹

219 1061 396 1145 Imperator
411 1061 529 1121 Caesar
544 1062 632 1121 Titus
653 1062 765 1122 Aelius
784 1062 960 1123 Hadrianus
982 1063 1158 1124 Antoninus
1175 1061 1244 1122 An-

133 1174 245 1250 gustus
267 1166 362 1249 Pius,
398 1171 548 1231 Pontifex
572 1172 738 1248 maximus,
771 1172 956 1232 tribuniciae
981 1171 1243 1249 potestatis‘XV,

133 1283 244 1342 consul
256 1281 317 1358 Ill,
339 1282 435 1340 Pater
458 1281 597 1358 patriae,
620 1278 778 1340 Communi
794 1281 891 1340 Asiae
906 1283 1048 1342 salutern.
1091 1282 1244 1341 Putabam

132 1392 277 1466 equidem
308 1394 472 1451 curaturos
499 1389 641 1449 deosne
671 1390 753 1450 tales
783 1391 925 1450 homines
948 1391 1094 1450 laterent.
1143 1391 1243 1449 Multo

132 1501 215 1582 enim
230 1478 330 1577 magis
348 1517 440 1576 quam
452 1516 529 1576 vos,
552 1500 581 1558 si
596 1499 720 1574 quidem
744 1501 893 1577 possent,
915 1499 955 1558 ab
972 1499 1125 1558 eiusmodi
1140 1498 1243 1558 bomi-

132 1611 224 1670 nibus
248 1627 366 1687 poenas
392 1609 592 1686 repeterent,
632 1608 685 1682 qui
712 1625 767 1668 eos
793 1609 927 1669 adorare
955 1609 1073 1668 nolunt.
1124 1607 1242 1675 Quibus

131 1737 191 1778 vos
212 1719 388 1780 molestiam
413 1717 589 1794 incessitis,
610 1718 643 1776 et
662 1719 847 1778 sententiam
863 1734 988 1796 eorum,
1012 1735 1103 1793 quam
1120 1718 1243 1792 quidem

132 1829 268 1906 babent,
292 1830 448 1903 tamquam
468 1827 631 1903 impiorum
647 1828 813 1904 accusatis,
835 1831 868 1886 et
883 1829 946 1887 alia
962 1828 1113 1904 quaedam
1129 1826 1243 1902 impin-

131 1939 226 2016 gitis,
254 1950 334 2013 quec
362 1954 423 1996 non
449 1952 615 2013 possumus
633 1935 784 2013 probare.
828 1937 911 1995 Utile
932 1940 1035 1996 antem
1059 1938 1124 1996 illis
1147 1937 1244 1998 fuerit

133 2047 175 2106 ob
197 2047 230 2106 id
253 2047 341 2106 cuius
365 2046 488 2105 nomine
510 2048 695 2105 accusantur
721 2048 853 2106 mortem
876 2046 980 2105 videri
1004 2049 1174 2122 oppetere;
1205 2064 1243 2106 ac

131 2173 191 2215 vos
213 2156 357 2233 vincunt,
387 2156 459 2215 dum
483 2157 600 2214 animas
623 2172 696 2214 suas
719 2156 888 2233 proliciunt
915 2155 1038 2232 potius,
1062 2173 1152 2231 quam
1177 2155 1242 2214 illis

131 2268 267 2343 pareant
282 2281 362 2340 quae
379 2265 419 2323 ab
437 2264 476 2323 iis
492 2264 561 2323 ficri
574 2265 754 2340 postulatis.
795 2263 841 2322 Dc
857 2266 964 2323 terrae
979 2266 1082 2323 autem
1098 2265 1243 2342 motibus,

132 2375 187 2450 qui
203 2374 257 2433 vcl
273 2376 447 2432 evenerunt
462 2374 515 2433 vel
532 2374 696 2452 eveniunt,
718 2390 780 2432 non
797 2373 889 2433 dccet
905 2375 940 2433 ut
957 2374 1162 2450 admoneatis,
1184 2389 1243 2433 vos

133 2485 187 2560 qui
210 2484 344 2543 animum
364 2483 585 2560 despondetis,
617 2501 709 2560 quum
730 2483 822 2558 liunt,
853 2483 973 2543 sicum
997 2484 1123 2544 illorum
1146 2483 1243 2543 rebus

131 2669 260 2724 desideria
270 2671 349 2723 totius
363 2669 508 2737 provinciae
525 2671 673 2740 imperatori
707 2673 791 2725 suasio
805 2671 884 2738 magis
901 2669 959 2724 inde
978 2668 1103 2726 firmatur.

131 2749 320 2809 renuntiarent.
339 2756 409 2808 llaec
423 2754 528 2806 concilia
543 2754 614 2808 luere
628 2771 672 2808 va·
745 2799 749 2806 .
773 2754 800 2810 8.
820 2747 902 2808 ὅτι...
912 2751 1038 2820 ἔσεσθαι]
1059 2759 1097 2811 De
1112 2760 1158 2814 hac
1173 2766 1242 2818 stru-

131 2841 227 2894 riarum
250 2840 276 2891 in
293 2840 451 2892 Christianos
466 2839 671 2906 persecutionum
707 2845 779 2894 etura
813 2839 853 2893 adi
883 2855 963 2892 meam
995 2840 1181 2898 adnotationem
1212 2829 1244 2900 ad

131 2923 304 2979 seminarium.
705 2925 771 2979 Dial.
792 2941 814 2980 c.
832 2925 876 2978 Tr.
891 2940 913 2978 c.
932 2923 983 2977 45:
1001 2919 1047 2980 ὅτι
1117 2927 1243 2998 cuipas·

202 3008 228 3061 2.
248 3001 609 3076 δημαρχικῆςὲξονσίαςτὸ
628 3002 670 3072 ιε’,
706 3011 784 3062 σθαι.

130 3085 243 3156 ὕπατος
257 3089 289 3147 τὰ
303 3090 343 3160 γ’,
360 3089 460 3160 Πατήρ
474 3093 623 3157 πατρίδος]
632 3095 671 3146 lta
773 3091 799 3148 4.
821 3085 903 3164 ἤπερ]
923 3093 966 3147 Sic
980 3093 1110 3162 Sylbnrg,
1130 3097 1243 3166 Morell.,

131 3179 266 3232 bleranam
282 3178 502 3230 secutiBr'aunius
517 3176 671 3230 'etEicbsla-
705 3178 822 3244 blatan,
850 3177 964 3242 braum,
990 3176 1120 3232 Eiclrstad.
1139 3196 1170 3233 ex
1188 3182 1243 3234 Eu·

131 3263 190 3316 elius
205 3279 237 3316 ex
256 3261 368 3316 Eusebio
386 3265 565 3329 reposuerunt.
595 3261 672 3313 Scili—
707 3261 777 3313 sebio
794 3276 840 3330 pro
855 3261 923 3327 vulg.
940 3260 1018 3326 sture
1034 3260 1176 3319 ediderunt.
1203 3265 1242 3320 Gi.

133 3351 176 3400 eet
190 3347 291 3414 vulgata
309 3345 386 3398 lectio
401 3345 573 3412 δημαρχικῆς
594 3339 673 3408 leco·
708 3344 784 3412 Apol.
800 3346 820 3400 l.
836 3360 858 3398 c.
875 3343 918 3399 49.
935 3361 961 3400 n.
976 3345 1002 3399 3.

131 3431 198 3492 σίας
216 3423 327 3492 ὕπατος
342 3427 375 3484 τό
391 3428 450 3494 ηδ’,
469 3425 563 3496 πατὴρ
575 3427 673 3492 aurol—
778 3427 803 3482 5.
822 3422 995 3496 ὑπομνῆσαι]
1014 3430 1069 3483 lloc
1082 3433 1186 3486 verbum
1199 3448 1243 3486 re-

132 3517 184 3576 δος
211 3512 244 3568 τό
278 3512 323 3570 uu'
355 3518 443 3584 aperte
477 3517 595 3581 corrupta
623 3517 672 3568 est.
708 3513 839 3568 ferendum
856 3518 896 3567 est
912 3515 943 3567 ad
954 3516 1074 3582 Asianos,
1093 3518 1185 3584 quippe
1201 3519 1245 3585 qui

133 3599 286 3668 Sylburpius
306 3598 410 3664 scripsit
425 3598 491 3665 ὃημ.
508 3595 545 3662 ἐξ.
566 3595 610 3662 [ni
628 3594 672 3662 ιε’]
707 3599 887 3666 imperatorem
905 3599 936 3652 ‹le
958 3601 1140 3654 calamitatibus
1157 3600 1244 3652 admo·

130 3677 332 3744 increscit.
349 3682 673 3751 biscrepanliascripturae
708 3683 812 3734 nnerint
836 3697 884 3750 per
903 3684 1061 3736 christianos
1090 3684 1243 3752 importatis.

140 3767 170 3820 in
188 3781 314 3820 annorum
329 3767 402 3822 annis
420 3772 477 3820 orta
491 3772 532 3820 est
552 3783 566 3820 a
585 3768 673 3820 ‹liver-
708 3766 793 3820 Aliter
809 3765 874 3834 apud
890 3766 1037 3820 Eusebium.

131 3851 168 3903 sis
185 3850 217 3902 le
237 3851 355 3918 rescripti
377 3855 480 3904 auctore
503 3851 672 3920 opinionibus.
729 3895 733 3898 .
776 3848 801 3903 6.
821 3845 1069 3917 παραβάλλοντας]
1087 3851 1168 3916 Vulgo
1186 3867 1244 3906 aa·

133 3932 188 3986 Sed
204 3932 351 3986 Eichstadio
369 3936 519 3988 observante
544 3950 595 3988 noa
611 3949 672 4003 pos-
707 3929 902 4003 capitinatae.
921 3931 986 3986 lucc
1000 3934 1049 3986 iam
1057 3933 1191 3986 Perionius
1205 3933 1245 3985 le-

130 4021 194 4071 sunt
215 4018 263 4082 bae
294 4017 455 4071 difficultates
481 4018 674 4083 cluonologicae
708 4014 816 4082 gendum
846 4019 944 4071 monuit
973 4032 1111 4084 omnesque
1142 4019 1246 4084 praeter

131 4117 190 4154 eum
214 4117 316 4155 morere
340 4103 380 4166 cui
404 4102 435 4156 de
466 4103 568 4174 νοθείᾳ
599 4101 675 4155 edicti
709 4098 831 4154 Grabium
855 4105 882 4156 et
905 4104 1045 4158 Thirlbium
1074 4098 1156 4156 textui
1175 4098 1245 4152 inse-

133 4199 285 4252 persunsum
307 4189 364 4242 est:
389 4188 464 4242 immo
479 4188 534 4257 ipsa
549 4184 592 4238 illa
613 4197 673 4254 per·
708 4187 825 4240 ruerunt.
