2914 4774
502 223 889 302 monumemtum
1175 251 1250 300 xrru

242 408 284 476 lu
316 406 689 487 adnotationibus
719 412 843 481 criticis
870 411 940 480 hoc
970 413 1250 490 modosersatus

136 556 231 620 sum,
258 519 299 600 ut
317 553 391 603 uon
411 534 522 602 solum
537 537 725 626 scripturae
742 536 1005 628 discrepantiam
1021 539 1058 606 in
1073 539 1250 611 codicibus

137 681 242 726 mauu
259 659 402 726 exaratis
419 659 556 736 obuiam
575 661 780 747 indicarem,
806 685 927 730 verum
946 672 980 731 et
996 685 1113 732 omnes
1132 688 1252 734 eorum

138 785 199 872 qni
226 784 263 848 in
294 783 412 850 lustini
436 783 569 874 scriptis
601 785 823 854 emendandis
853 787 1114 856 elaboraverunt
1142 792 1251 870 textui

137 908 344 978 subiicerent
371 907 601 992 coniecturas,
637 911 789 997 quumvis
811 932 883 978 non
909 934 1045 1002 semper
1072 916 1250 1005 approba-

137 1042 274 1100 rentur:
297 1033 343 1098 sie
359 1032 441 1100 licet
464 1033 590 1122 cuique
607 1033 786 1102 historiam
802 1037 939 1125 κρίσεως
957 1035 1162 1106 Iustinianae
1177 1041 1250 1108 cln-

137 1179 177 1224 re
191 1157 402 1248 perspicere.
447 1157 488 1224 Iu
504 1157 689 1264 exegeticis
706 1167 819 1227 autem
840 1181 915 1226 eam
932 1161 1022 1228 viam
1041 1165 1151 1247 tenui,
1180 1161 1250 1230 dii-

130 1281 339 1357 ,flcilioribus
359 1281 404 1348 de
423 1281 509 1349 locis
525 1290 563 1348 ut
581 1283 749 1352 constanti
769 1283 917 1371 quadarn
937 1307 978 1354 ac
997 1295 1167 1376 perpetua
1192 1311 1249 1356 ra-

129 1407 233 1476 tione
258 1430 349 1474 meas
376 1406 630 1494 qualescunque
654 1415 688 1474 et
704 1407 850 1476 aliorum
867 1409 1123 1478 observationes
1138 1411 1249 1482 adno-

130 1539 257 1604 tarem.
307 1531 497 1598 Hominum
520 1531 611 1598 enim
645 1531 826 1600 doctorum
853 1533 1162 1604 animadversiones
1189 1537 1250 1604 ubi

123 1657 249 1726 tminus
272 1657 471 1747 probabiles
505 1663 620 1740 erant,
659 1666 694 1722 et
724 1657 873 1724 breviter
896 1659 1041 1726 refutari
1077 1669 1112 1726 et
1137 1662 1249 1730 verbis

136 1781 336 1862 lenissimis3
361 1782 479 1873 recepi
498 1789 630 1864 tamen,
654 1781 715 1855 ubi
740 1780 944 1848 videbantur
969 1784 1249 1874 amplectendae:

137 1907 343 1996 plerumque
371 1929 426 1996 eas
456 1907 492 1983 in
515 1906 621 1972 breve
646 1905 747 1996 coegi
757 1902 813 1992 i),
835 1925 965 1974 summa
982 1907 1083 1975 simul
1101 1908 1170 1978 tide
1186 1931 1247 1986 cu.-

136 2053 215 2098 rans
233 2039 271 2097 ut
294 2030 361 2097 suis
383 2051 485 2125 nemo
511 2029 690 2096 virtutibus
713 2029 913 2120 privaretur.
956 2030 1147 2102 Fastidium
1164 2057 1247 2110 vero

137 2155 391 2246 relegentibus
418 2173 589 2237 crearem,
618 2154 755 2222 Maroni
772 2156 971 2244 exemplum
990 2165 1247 2251 secutusprae-

138 2280 266 2347 termisi
289 2279 445 2371 prolixos
471 2279 643 2364 Petronii,
671 2279 803 2370 Langi,
831 2279 1011 2348 Kortholti
1036 2293 1247 2354 commenta-

135 2405 221 2491 rios,
248 2404 285 2472 in
305 2405 428 2492 quibus
446 2403 596 2494 piurima
614 2403 660 2472 ad
681 2405 896 2494 superiorum
921 2408 1031 2498 magis
1052 2417 1249 2499 temporum

136 2528 304 2618 quemad
329 2536 523 2600 nostrorum
546 2529 827 2597 consuetudinem
847 2539 924 2598 sunt
944 2531 1048 2600 dicta.
1096 2534 1142 2600 ln
1164 2534 1248 2602 illu-

135 2653 280 2722 strandis
305 2653 407 2720 rebus
430 2661 467 2718 et
490 2653 726 2722 ecclesiasticis
742 2665 776 2722 et
795 2655 948 2746 profanis
968 2656 1107 2727 delectu
1131 2659 1248 2726 oeusui

135 2801 223 2869 opus
239 2799 329 2845 esse:
356 2799 400 2842 ne
418 2799 506 2864 quae
520 2777 618 2844 nimis
635 2779 790 2870 vulgaria
808 2789 842 2846 et
858 2781 1003 2870 protrita
1019 2790 1131 2848 essent
1150 2805 1247 2850 com-

134 2923 372 2985 memorarem,
394 2923 480 2968 nere
494 2900 739 2992 disputationes
757 2903 978 2983 admiscerem
995 2927 1082 2990 quae
1100 2905 1145 2970 ad
1161 2907 1247 2972 acri-

134 3026 244 3120 ptoris
270 3025 588 3116 interpretationem
613 3048 684 3092 non
711 3025 963 3108 conducerent;
998 3027 1035 3094 id
1059 3029 1257 3120 praecipue

134 3151 214 3242 egi,
251 3160 290 3218 ut
302 3151 338 3216 in
356 3133 445 3218 iusto
461 3150 633 3230 brevitatis
650 3150 762 3218 studio
778 3151 865 3222 nihil
884 3151 1074 3220 omitterem
1092 3154 1187 3241 quod
1202 3155 1248 3222 ad

133 3297 208 3342 rem
232 3275 371 3342 faceret.
432 3275 565 3365 Respui
594 3276 762 3368 colligere
793 3275 961 3366 quidquid
990 3277 1203 3349 differentiae
1227 3305 1248 3350 a

204 3507 381 3574 *ilnterdum
398 3507 540 3560 sufficiebat
557 3509 667 3562 tectores
682 3525 803 3564 revocare
822 3509 852 3562 ad
868 3510 959 3562 librum
977 3470 1077 3574 meum:
1097 3511 1136 3562 De
1155 3512 1247 3568 tustini

132 3591 258 3656 Martyris
274 3589 376 3657 seriptis
394 3595 421 3643 et
439 3589 571 3659 docuisse,
589 3594 665 3644 lenae
686 3592 761 3644 rost.
783 3592 800 3642 8
822 3591 868 3660 (ci.
892 3593 1001 3660 quaede
1014 3596 1112 3648 Iustino
1135 3596 1162 3646 in
1178 3597 1246 3650 Er·
1336 3575 1342 3597 ι

132 3677 227 3727 scisti
244 3679 270 3726 ct
289 3674 442 3728 [tractari
461 3675 571 3742 AElpem.
593 3677 791 3744 Erscyttopddte
812 3677 837 3728 d.
863 3676 1246 3747 Wisseasctrustcnn.1tsiorte

134 3759 207 3812 Sact.
225 3757 251 3808 11
275 3757 305 3808 sir
330 3758 483 3813 Hoffmanuo
511 3758 578 3810 edita
594 3760 681 3826 paucis
709 3760 848 3828 exposui),
883 3763 957 3826 atque
985 3760 1017 3812 ad
1041 3761 1149 3812 Carol.
1184 3760 1246 3816 Sc-

133 3841 267 3892 misoh.:
299 3840 391 3894 ,tostin
414 3843 461 3894 der
477 3842 627 3909 Mdrtyror,
652 3843 743 3894 Partes
761 3843 787 3894 ll
808 3838 956 3911 (VratisIav.
970 3843 1051 3894 «1840
1069 3846 1095 3894 et
1118 3839 1195 3894 1842.
1215 3843 1245 3908 8)

132 3923 213 3973 -in
232 3937 376 3996 sermonem
392 3925 517 3990 anglicum
536 3941 639 3976 versae:
660 3924 751 3977 das-stin
771 3925 885 3994 Mentor,
903 3931 945 3980 ists
963 3927 1031 3994 Life,
1050 3926 1177 3990 Writiops
1192 3929 1247 3980 aad

136 4005 284 4074 opinione
310 4010 405 4060 transl.
424 4009 495 4076 [rom
516 4013 559 4062 tite
577 4009 692 4062 German
714 4011 779 4062 with
803 4013 845 4062 the
870 4011 994 4062 Antdor’s
1015 4023 1189 4070 concurrentes
1213 4008 1246 4076 tp

133 4089 367 4156 dunstano.
400 4092 483 4144 Parit.
500 4093 534 4144 ΙΙ.
564 4093 704 4162 Edinburg.
732 4093 807 4146 1844.
834 4093 866 4144 tt
893 4091 1014 4158 (Bibiical
1038 4089 1152 4145 Cabinet.
1173 4095 1245 4148 Torn.

130 4171 190 4223 XLI
205 4157 268 4240 εει).
1239 4205 1249 4223 ·

177 4259 211 4318 Τ.
224 4259 247 4319 Ι.
271 4260 304 4320 P.
319 4261 341 4320 Ι.
946 4321 949 4326 ,
1040 4265 1061 4322 b
