2900 4776
555 227 764 294 Apoloom
784 226 808 292 l.
1175 228 1236 300 lll

122 401 292 464 bisantem
309 402 342 462 et
356 401 498 464 omnibus
516 401 634 463 iniusto
651 403 723 463 odic
741 401 975 480 indulgentibus
995 421 1053 466 neo
1069 407 1236 486 poeniten·

122 517 200 577 tiam
214 513 379 590 agentibus
396 513 586 591 suppliciunt
596 529 656 590 per
670 514 773 590 ignem
786 516 947 574 aeternum
962 515 1071 576 efficit.

211 625 262 682 cc.
286 623 332 682 Ne
348 625 399 699 qui
416 626 518 683 autem
534 623 689 682 aratione
705 623 903 704 aberrantes,
924 627 964 686 ad
979 643 1017 686 ea
1032 643 1111 704 quae
1126 627 1237 686 docui-

122 753 191 796 mus
208 735 441 811 detorquenda,
461 735 567 794 dicant
582 733 740 794 Christum
755 737 828 794 ante
844 753 941 796 annos
960 739 1082 798 centum
1095 739 1129 795 et
1144 737 1237 812 quin-

123 847 273 924 quaginta
289 847 394 904 natum
412 844 536 904 anobis
554 845 616 904 dici
632 845 689 904 sub
708 845 851 922 Quirino,
873 822 967 922 atque
986 863 1023 906 ea
1040 863 1120 924 quae
1135 849 1237 924 ipsum

123 957 271 1018 docuisse
300 956 429 1014 dicimus
453 955 551 1014 molto
569 955 643 1031 post
669 955 815 1014 docuisse
839 955 898 1014 sub
920 955 1033 1016 Pontio
1058 957 1180 1034 Pilato,
1204 959 1237 1016 et

125 1067 276 1127 obiiciant
289 1066 360 1124 inde
383 1065 531 1140 consequi
540 1066 574 1122 ut
589 1065 728 1122 insontes
744 1064 808 1123 sint
823 1065 964 1126 homines
983 1083 1089 1128 omnes
1107 1069 1160 1144 qui
1177 1085 1236 1127 an-

122 1179 155 1238 to
171 1177 251 1236 illud
266 1177 388 1252 tempus
404 1176 574 1234 exstitere:
597 1174 820 1234 dubitationem
835 1177 1049 1253 ¹anticipantes
1067 1179 1235 1238 solvamus.

123 1285 284 1346 Christum
302 1281 541 1362 primogenitum
563 1284 615 1343 dci
630 1284 710 1344 'esse
731 1287 841 1362 utpote
864 1286 977 1364 logon,
1003 1288 1090 1347 cuius
1107 1288 1236 1348 univer-

121 1414 193 1458 sum
213 1381 311 1474 genus
329 1395 486 1454 hominum
500 1395 662 1471 particeps
680 1397 765 1472 erat,
786 1395 948 1456 didicimus
966 1398 998 1456 et
1014 1414 1111 1474 snpra
1127 1399 1236 1458 decla-

122 1507 273 1568 ravimus.
306 1483 415 1582 thui
431 1521 499 1564 eum
515 1505 590 1580 logo
605 1505 751 1563 vixerunt
767 1503 937 1564 Christiani
950 1509 1037 1583 sunt,
1061 1508 1183 1567 etiamsi
1198 1526 1236 1568 a·

120 1617 192 1676 thei
206 1617 376 1676 existimati
392 1617 463 1693 sint,
479 1615 589 1690 quales
604 1614 688 1692 apud
697 1613 808 1674 Graios
826 1614 1073 1676 fuereSocrates
1089 1619 1121 1676 ct
1132 1617 1235 1677 Hera·

121 1728 216 1812 clitus
231 1727 332 1802 iisque
348 1727 477 1802 similes,
499 1725 582 1802 apud
598 1723 752 1784 barbaros
769 1726 873 1784 autem
888 1724 1085 1786 Abrahamns
1100 1728 1132 1786 et
1146 1727 1235 1786 Ana·

120 1834 192 1898 nias
209 1839 241 1896 et
258 1836 392 1896 Azarias
409 1837 441 1894 et
458 1836 570 1896 Misael
587 1837 618 1894 et
634 1833 721 1894 Elias
734 1835 851 1910 aliique
867 1835 965 1912 multi,
987 1852 1117 1911 quorum
1132 1839 1235 1897 actio-

120 1949 214 2007 nibus
229 1949 283 2006 aut
307 1946 482 2005 nominibus
499 1945 717 2022 recensendis,
742 1946 814 2022 quia
829 1946 956 2023 longum
971 1946 1005 2004 id
1021 1963 1091 2005 esse
1110 1947 1234 2026 seimus,

103 2075 203 2136 muno
224 2057 475 2134 supersedemus
522 2055 624 2124 Quare
648 2057 742 2116 etiam
760 2057 813 2132 qui
839 2058 932 2116 antea
953 2058 1143 2116 exstiterunt
1166 2058 1234 2116 sine

48 2168 53 2172 “
120 2168 198 2244 logo
218 2167 363 2226 viventes
386 2167 522 2244 improbi
545 2169 578 2226 et
603 2164 728 2226 Christo
752 2167 867 2226 inimici
891 2167 981 2226 fuere
999 2184 1166 2245 eorumque
1181 2169 1234 2245 qni

121 2279 276 2354 eumlogo
292 2277 442 2336 vivebant
455 2275 694 2353 interfectcrcs3
712 2277 764 2352 qui
779 2293 857 2337 vero
874 2279 1027 2354 cumlogo
1037 2279 1185 2338 vixerunt
1201 2280 1234 2338 et

120 2388 233 2447 vivunt
245 2385 415 2446 Christiani
426 2389 498 2448 sunt
512 2389 606 2463 atque
625 2387 773 2465 impavidi
790 2388 822 2446 ct
837 2387 996 2466 intrepidi.
1018 2387 1114 2458 Quam
1129 2390 1233 2450 antem

123 2611 173 2663 que
198 2609 261 2663 opus
279 2599 319 2648 est
337 2595 419 2662 Longi
444 2595 589 2648 coniectura
617 2589 659 2664 ἔγ·
763 2593 788 2648 8.
807 2586 1047 2664 Miltiade-dc
1061 2593 1231 2668 despiciente]

122 2679 245 2733 καλῶσιν
269 2677 435 2750 (obiiciant).
462 2679 500 2734 Gi.
518 2680 587 2749 Pape
602 2681 620 2734 l.
636 2695 658 2734 c.
693 2680 756 2734 Vide
772 2697 794 2734 c.
811 2678 837 2733 5.
853 2696 879 2734 n.
898 2681 940 2734 10.

121 2766 206 2819 inv..
370 2783 373 2789 ·
754 2751 789 2818 '9.
805 2758 995 2830 Ἡράκλειτος]
1020 2767 1162 2834 Uebnigens
1183 2769 1232 2821 irrt

192 2846 217 2902 5.
236 2845 400 2916 tardasse]
427 2850 486 2903 Noli
505 2849 591 2900 forsan
609 2851 659 2902 te·
694 2849 807 2902 Iustinus
832 2849 922 2916 dorin,
951 2849 1008 2902 dass
1028 2851 1174 2904 Heraclitus
1194 2853 1232 2904 sei

122 2925 356 3000 oopsdoscribere
373 2937 407 3002 (c.
426 2934 460 2985 42
477 2929 658 3001 ὃιασαφήσο-
690 2932 810 3002 3etbdtet
831 2933 951 2999 worden3
975 2932 1043 2986 deno
1065 2951 1094 2988 er
1108 2937 1177 2989 starb
1199 2953 1232 2988 an

121 3035 182 3085 μεν,
197 3035 220 3071 e.
231 3018 265 3072 63
277 3016 497 3086 ἐξηγησόμεθα);
515 3035 572 3070 nem
585 3019 659 3086 paulo
696 3016 742 3068 der
754 3017 814 3082 Cur,
833 3018 873 3070 die
887 3034 915 3070 er
930 3017 985 3070 sich
1000 3019 1080 3072 solbet
1095 3037 1177 3087 gegen
1191 3021 1231 3074 dic

122 3103 317 3173 inira(n.13)
340 3100 517 3173 χωρήσωμεν.
557 3103 618 3156 Vide
638 3121 660 3160 c.
696 3101 873 3154 Wasscrsecht
892 3102 1028 3155 rercrdnct
1048 3105 1128 3158 hatte.
1172 3105 1232 3158 Bell

120 3187 164 3244 43.
179 3205 205 3244 n.
226 3192 250 3243 Ξ.
695 3186 722 3238 in
740 3187 878 3253 lllpeot
896 3187 1047 3256 Zeitscbrili
1063 3189 1110 3258 fiir
1128 3191 1169 3242 dle
1188 3193 1231 3244 bi·

191 3274 217 3330 6.
239 3271 298 3326 Τὸν
311 3263 660 3339 Χριστόν...ὁπάρχουσι]
694 3275 759 3326 sior.
781 3271 920 3339 Theolopie
942 3272 1041 3342 (Lips.)
1055 3273 1130 3330 1842.
1154 3275 1230 3332 Fasc.

120 3358 208 3412 Adeas
223 3359 348 3412 Semissh.
363 3357 412 3410 lc.
430 3357 460 3410 P.
476 3356 510 3410 11.
525 3373 550 3426 p.
567 3355 617 3408 127
635 3359 661 3408 et
695 3356 742 3410 Ill.
764 3371 790 3424 p.
810 3355 850 3411 15.
870 3383 905 3396 -
939 3356 977 3412 Cf.
998 3357 1097 3414 Talion.
1122 3365 1186 3416 orat.
1201 3371 1230 3416 c:

121 3441 215 3495 librum
232 3458 315 3494 meum
336 3443 375 3496 De
395 3442 485 3494 lustini
500 3443 577 3496 Mart.
595 3441 660 3496 scr-l-
695 3440 772 3496 Geni.
791 3457 813 3496 c.
830 3439 855 3494 3.

120 3525 173 3592 ptis
192 3527 218 3576 et
235 3523 315 3580 doctr.
336 3541 361 3596 p.
379 3526 413 3578 89
422 3543 477 3596 sq..
764 3527 806 3580 10.
828 3524 856 3580 nt
878 3529 1001 3595 senopem]
1028 3526 1127 3584 Mareu.
1148 3532 1231 3586 minus

189 3606 215 3662 7.
233 3605 495 3681 λόγον...μετε’σχε]
510 3610 597 3664 lnnuit
610 3611 658 3662 hoc
689 3613 761 3687 ¹clarc
777 3613 960 3680 interpretatus
985 3617 1039 3665 est:
1059 3615 1131 3668 clim.
1154 3615 1230 3668 Desi-

121 3693 171 3745 iam
194 3707 272 3760 sopra
292 3712 314 3750 c.
332 3697 357 3752 ⁵.
383 3715 409 3767 p.
426 3698 470 3753 56.
487 3699 511 3751 A
530 3689 596 3766 (eiad
612 3689 659 3748 td·
687 3690 803 3764 ‘'guantur
825 3696 869 3764 qui
897 3700 956 3750 aule
979 3696 1075 3750 Christi
1097 3697 1231 3752 adrentum

121 3778 184 3846 poe)
202 3782 228 3831 ct
245 3769 267 3832 c.
283 3779 326 3836 28.
342 3797 368 3851 p.
381 3784 423 3839 71.
440 3785 459 3836 c
474 3781 660 3852 (λογικοί).-
693 3781 821 3834 vixerunt.
1049 3835 1052 3840 Δ

120 3862 186 3916 illud
200 3861 313 3931 μετέσχε
331 3868 406 3935 vulgo
427 3869 553 3922 reddunt:
570 3867 659 3935 paeti-
763 3867 805 3918 11.
817 3862 995 3931 Χριστιανοὶ]
1005 3864 1108 3931 Longus
1125 3867 1151 3917 et
1164 3863 1230 3916 Gra-

120 3963 181 4015 ceps
196 3953 234 4001 est
249 3952 293 4018 (Ξ
307 3949 431 4021 μετέχει).
456 3955 562 4022 Inepte:
582 3966 659 4020 quom
693 3949 749 4003 tius
764 3949 853 4002 velunt
866 3950 1046 4018 Χρηστιανοί.
1076 3949 1230 4018 Perpetem:

119 4036 272 4099 praesertim
306 4039 456 4092 antecedant
489 4038 567 4090 rerba
601 4035 658 4088 τῶν
692 4033 749 4086 vide
766 4048 788 4087 c.
807 4033 833 4088 4.
853 4049 879 4088 n.
895 4035 921 4088 4.

120 4120 454 4192 προγεγενημένων
471 4119 587 4176 πάντων
604 4117 657 4176 οἷν-
763 4118 804 4171 12.
825 4113 875 4172 διὰ
895 4112 1041 4186 δυνάμεως
1053 4119 1115 4174 ’τοῦ
1133 4113 1230 4187 λόγου]

119 4198 254 4270 deduce.
470 4249 472 4254 .
692 4203 731 4258 cl.
749 4219 771 4258 c.
788 4201 831 4259 83.
847 4217 873 4272 p.
890 4203 932 4260 75.
944 4205 976 4260 B.
