<?xml version="1.0" encoding="UTF-8"?>
<!DOCTYPE html PUBLIC "-//W3C//DTD XHTML 1.0 Transitional//EN"
    "http://www.w3.org/TR/xhtml1/DTD/xhtml1-transitional.dtd">
<html xmlns="http://www.w3.org/1999/xhtml" xml:lang="en" lang="en">
 <head>
  <title>
</title>
<meta http-equiv="Content-Type" content="text/html;charset=utf-8" />
  <meta name='ocr-system' content='tesseract 3.04.00' />
  <meta name='ocr-capabilities' content='ocr_page ocr_carea ocr_par ocr_line ocrx_word'/>
</head>
<body>
  <div class='ocr_page' id='page_1' title='image "./siustiniphiloso00ottogoog_0215.png"; bbox 0 0 2910 4774; ppageno 0'>
   <div class='ocr_carea' id='block_1_1' title="bbox 472 243 1264 320">
    <p class='ocr_par' dir='ltr' id='par_1_1' title="bbox 472 243 1264 320">
     <span class='ocr_line' id='line_1_1' title="bbox 472 243 1264 320; baseline 0.011 -9"><span class='ocrx_word' id='word_1_1' title='bbox 472 255 480 266; x_wconf 84' lang='lat'>&#39;</span> <span class='ocrx_word' id='word_1_2' title='bbox 572 243 782 314; x_wconf 76' lang='lat' dir='ltr'><strong>APOLOGIA</strong></span> <span class='ocrx_word' id='word_1_3' title='bbox 809 249 833 312; x_wconf 79' lang='grc' dir='ltr'>Ι.</span> <span class='ocrx_word' id='word_1_4' title='bbox 944 264 948 270; x_wconf 90' lang='grc'><em>·</em></span> <span class='ocrx_word' id='word_1_5' title='bbox 1201 249 1264 320; x_wconf 79' lang='lat'>155</span> 
     </span>
    </p>
   </div>
   <div class='ocr_carea' id='block_1_2' title="bbox 101 411 1268 2366">
    <p class='ocr_par' dir='ltr' id='par_1_2' title="bbox 101 411 1268 2366">
     <span class='ocr_line' id='line_1_2' title="bbox 148 411 1266 502; baseline 0.004 -22"><span class='ocrx_word' id='word_1_6' title='bbox 148 451 152 454; x_wconf 96' lang='lat'>·</span> <span class='ocrx_word' id='word_1_7' title='bbox 239 411 290 480; x_wconf 80' lang='lat'>65.</span> <span class='ocrx_word' id='word_1_8' title='bbox 312 416 378 480; x_wconf 88' lang='lat' dir='ltr'>Nos</span> <span class='ocrx_word' id='word_1_9' title='bbox 394 418 498 494; x_wconf 84' lang='lat' dir='ltr'>autem</span> <span class='ocrx_word' id='word_1_10' title='bbox 514 421 590 498; x_wconf 83' lang='lat' dir='ltr'>post</span> <span class='ocrx_word' id='word_1_11' title='bbox 605 438 697 499; x_wconf 87' lang='lat' dir='ltr'>quam</span> <span class='ocrx_word' id='word_1_12' title='bbox 708 422 754 484; x_wconf 88' lang='lat' dir='ltr'>sie</span> <span class='ocrx_word' id='word_1_13' title='bbox 769 421 923 486; x_wconf 83' lang='lat' dir='ltr'><strong>abluimus</strong></span> <span class='ocrx_word' id='word_1_14' title='bbox 945 439 1015 486; x_wconf 90' lang='lat' dir='ltr'>eum</span> <span class='ocrx_word' id='word_1_15' title='bbox 1030 423 1084 502; x_wconf 86' lang='lat' dir='ltr'>qui</span> <span class='ocrx_word' id='word_1_16' title='bbox 1100 422 1192 485; x_wconf 85' lang='lat' dir='ltr'>fldem</span> <span class='ocrx_word' id='word_1_17' title='bbox 1209 441 1266 484; x_wconf 90' lang='lat' dir='ltr'>au-</span> 
     </span>
     <span class='ocr_line' id='line_1_3' title="bbox 152 521 1267 610; baseline 0.003 -20"><span class='ocrx_word' id='word_1_18' title='bbox 152 545 203 590; x_wconf 87' lang='lat' dir='ltr'>am</span> <span class='ocrx_word' id='word_1_19' title='bbox 221 531 254 593; x_wconf 89' lang='lat' dir='ltr'>et</span> <span class='ocrx_word' id='word_1_20' title='bbox 274 545 437 590; x_wconf 78' lang='lat' dir='ltr'>assensum</span> <span class='ocrx_word' id='word_1_21' title='bbox 458 531 620 592; x_wconf 86' lang='lat' dir='ltr'>doetrinae</span> <span class='ocrx_word' id='word_1_22' title='bbox 637 534 767 594; x_wconf 86' lang='lat' dir='ltr'>nostrae</span> <span class='ocrx_word' id='word_1_23' title='bbox 789 535 925 595; x_wconf 85' lang='lat' dir='ltr'>testatus</span> <span class='ocrx_word' id='word_1_24' title='bbox 942 537 992 596; x_wconf 88' lang='lat' dir='ltr'>est</span> <span class='ocrx_word' id='word_1_25' title='bbox 1011 536 1052 596; x_wconf 90' lang='lat' dir='ltr'>ad</span> <span class='ocrx_word' id='word_1_26' title='bbox 1075 521 1193 596; x_wconf 81' lang='lat' dir='ltr'>iratres</span> <span class='ocrx_word' id='word_1_27' title='bbox 1213 533 1267 610; x_wconf 84' lang='lat' dir='ltr'>qui</span> 
     </span>
     <span class='ocr_line' id='line_1_4' title="bbox 152 639 1268 722; baseline 0.005 -24"><span class='ocrx_word' id='word_1_28' title='bbox 152 639 299 700; x_wconf 89' lang='lat' dir='ltr'>dieuntur</span> <span class='ocrx_word' id='word_1_29' title='bbox 318 639 475 718; x_wconf 87' lang='lat' dir='ltr'>duoimus,</span> <span class='ocrx_word' id='word_1_30' title='bbox 496 641 551 702; x_wconf 88' lang='lat' dir='ltr'>ubi</span> <span class='ocrx_word' id='word_1_31' title='bbox 571 643 769 720; x_wconf 77' lang='lat' dir='ltr'>congregati.</span> <span class='ocrx_word' id='word_1_32' title='bbox 782 645 872 722; x_wconf 90' lang='lat' dir='ltr'>sunt,</span> <span class='ocrx_word' id='word_1_33' title='bbox 897 659 1073 710; x_wconf 85' lang='lat' dir='ltr'>eommuoes</span> <span class='ocrx_word' id='word_1_34' title='bbox 1099 661 1213 722; x_wconf 87' lang='lat' dir='ltr'>preoes</span> <span class='ocrx_word' id='word_1_35' title='bbox 1234 645 1268 704; x_wconf 86' lang='lat' dir='ltr'>et</span> 
     </span>
     <span class='ocr_line' id='line_1_5' title="bbox 152 750 1267 832; baseline 0.004 -22"><span class='ocrx_word' id='word_1_36' title='bbox 152 767 212 828; x_wconf 92' lang='lat' dir='ltr'>pro</span> <span class='ocrx_word' id='word_1_37' title='bbox 232 750 324 810; x_wconf 89' lang='lat' dir='ltr'>nobis</span> <span class='ocrx_word' id='word_1_38' title='bbox 347 751 425 828; x_wconf 90' lang='lat' dir='ltr'>ipsis</span> <span class='ocrx_word' id='word_1_39' title='bbox 443 753 477 810; x_wconf 90' lang='lat' dir='ltr'>et</span> <span class='ocrx_word' id='word_1_40' title='bbox 491 767 551 828; x_wconf 88' lang='lat' dir='ltr'>pro</span> <span class='ocrx_word' id='word_1_41' title='bbox 568 767 606 811; x_wconf 91' lang='lat' dir='ltr'>eo</span> <span class='ocrx_word' id='word_1_42' title='bbox 623 752 677 828; x_wconf 82' lang='lat' dir='ltr'>qui</span> <span class='ocrx_word' id='word_1_43' title='bbox 697 753 890 820; x_wconf 83' lang='lat' dir='ltr'>illuminatus</span> <span class='ocrx_word' id='word_1_44' title='bbox 912 756 963 814; x_wconf 89' lang='lat' dir='ltr'>est</span> <span class='ocrx_word' id='word_1_45' title='bbox 981 757 1014 814; x_wconf 87' lang='lat' dir='ltr'>et</span> <span class='ocrx_word' id='word_1_46' title='bbox 1028 770 1089 832; x_wconf 91' lang='lat' dir='ltr'>pro</span> <span class='ocrx_word' id='word_1_47' title='bbox 1104 755 1175 814; x_wconf 87' lang='lat' dir='ltr'>aliis</span> <span class='ocrx_word' id='word_1_48' title='bbox 1194 753 1267 814; x_wconf 86' lang='lat' dir='ltr'>ubi-</span> 
     </span>
     <span class='ocr_line' id='line_1_6' title="bbox 151 861 1268 948; baseline 0.004 -29"><span class='ocrx_word' id='word_1_49' title='bbox 151 876 214 936; x_wconf 86' lang='lat' dir='ltr'>que</span> <span class='ocrx_word' id='word_1_50' title='bbox 238 861 379 922; x_wconf 90' lang='lat' dir='ltr'>omuibus</span> <span class='ocrx_word' id='word_1_51' title='bbox 401 861 522 948; x_wconf 82' lang='lat' dir='ltr'>intento</span> <span class='ocrx_word' id='word_1_52' title='bbox 548 861 650 922; x_wconf 72' lang='lat' dir='ltr'>anino</span> <span class='ocrx_word' id='word_1_53' title='bbox 675 861 805 940; x_wconf 79' lang='lat' dir='ltr'>saetosi,</span> <span class='ocrx_word' id='word_1_54' title='bbox 835 866 871 924; x_wconf 88' lang='lat' dir='ltr'>ut</span> <span class='ocrx_word' id='word_1_55' title='bbox 888 864 1035 924; x_wconf 84' lang='lat' dir='ltr'>veritatis</span> <span class='ocrx_word' id='word_1_56' title='bbox 1057 865 1268 940; x_wconf 78' lang='lat' dir='ltr'>cognitionem</span> 
     </span>
     <span class='ocr_line' id='line_1_7' title="bbox 152 969 1267 1050; baseline 0.005 -20"><span class='ocrx_word' id='word_1_57' title='bbox 152 969 263 1047; x_wconf 80' lang='lat' dir='ltr'><strong>adepti</strong></span> <span class='ocrx_word' id='word_1_58' title='bbox 284 970 458 1033; x_wconf 87' lang='lat' dir='ltr'>haeetiam</span> <span class='ocrx_word' id='word_1_59' title='bbox 482 971 586 1048; x_wconf 86' lang='lat' dir='ltr'>gratia</span> <span class='ocrx_word' id='word_1_60' title='bbox 610 971 773 1048; x_wconf 79' lang='lat' dir='ltr'>dignemur</span> <span class='ocrx_word' id='word_1_61' title='bbox 798 973 831 1032; x_wconf 85' lang='lat' dir='ltr'>ut</span> <span class='ocrx_word' id='word_1_62' title='bbox 854 975 972 1034; x_wconf 79' lang='lat' dir='ltr'>rectam</span> <span class='ocrx_word' id='word_1_63' title='bbox 994 974 1145 1050; x_wconf 87' lang='lat' dir='ltr'>oporibus</span> <span class='ocrx_word' id='word_1_64' title='bbox 1170 973 1267 1036; x_wconf 85' lang='lat' dir='ltr'>vitam</span> 
     </span>
     <span class='ocr_line' id='line_1_8' title="bbox 152 1080 1267 1162; baseline 0 -20"><span class='ocrx_word' id='word_1_65' title='bbox 152 1082 285 1158; x_wconf 80' lang='lat' dir='ltr'>agentes</span> <span class='ocrx_word' id='word_1_66' title='bbox 308 1083 341 1140; x_wconf 88' lang='lat' dir='ltr'>et</span> <span class='ocrx_word' id='word_1_67' title='bbox 364 1081 579 1142; x_wconf 85' lang='lat' dir='ltr'>mandatorum</span> <span class='ocrx_word' id='word_1_68' title='bbox 601 1080 827 1142; x_wconf 78' lang='lat' dir='ltr'><strong>observatores</strong></span> <span class='ocrx_word' id='word_1_69' title='bbox 847 1083 1059 1162; x_wconf 82' lang='lat' dir='ltr'>inveniamur,</span> <span class='ocrx_word' id='word_1_70' title='bbox 1081 1099 1143 1160; x_wconf 83' lang='lat' dir='ltr'>quo</span> <span class='ocrx_word' id='word_1_71' title='bbox 1158 1085 1267 1142; x_wconf 85' lang='lat' dir='ltr'>aeter-</span> 
     </span>
     <span class='ocr_line' id='line_1_9' title="bbox 151 1188 1267 1271; baseline 0.004 -21"><span class='ocrx_word' id='word_1_72' title='bbox 151 1208 223 1250; x_wconf 85' lang='lat' dir='ltr'>nam</span> <span class='ocrx_word' id='word_1_73' title='bbox 237 1189 371 1250; x_wconf 87' lang='lat' dir='ltr'>salutem</span> <span class='ocrx_word' id='word_1_74' title='bbox 387 1205 601 1266; x_wconf 64' lang='lat' dir='ltr'>assequamur.</span> <span class='ocrx_word' id='word_1_75' title='bbox 641 1188 778 1252; x_wconf 82' lang='lat' dir='ltr'>Invicem</span> <span class='ocrx_word' id='word_1_76' title='bbox 794 1191 903 1252; x_wconf 88' lang='lat' dir='ltr'>oseulo</span> <span class='ocrx_word' id='word_1_77' title='bbox 921 1193 1111 1271; x_wconf 85' lang='lat' dir='ltr'>salutamus,</span> <span class='ocrx_word' id='word_1_78' title='bbox 1135 1193 1190 1254; x_wconf 88' lang='lat' dir='ltr'>ubi</span> <span class='ocrx_word' id='word_1_79' title='bbox 1207 1193 1267 1255; x_wconf 88' lang='lat' dir='ltr'>de·</span> 
     </span>
     <span class='ocr_line' id='line_1_10' title="bbox 150 1292 1267 1380; baseline 0.004 -20"><span class='ocrx_word' id='word_1_80' title='bbox 150 1301 261 1360; x_wconf 89' lang='lat' dir='ltr'>siimus</span> <span class='ocrx_word' id='word_1_81' title='bbox 284 1301 419 1378; x_wconf 86' lang='lat' dir='ltr'>preeari.</span> <span class='ocrx_word' id='word_1_82' title='bbox 463 1299 585 1362; x_wconf 87' lang='lat' dir='ltr'>Deinde</span> <span class='ocrx_word' id='word_1_83' title='bbox 605 1300 711 1376; x_wconf 77' lang='lat' dir='ltr'>siqui</span> <span class='ocrx_word' id='word_1_84' title='bbox 733 1292 887 1378; x_wconf 82' lang='lat' dir='ltr'>fratribus</span> <span class='ocrx_word' id='word_1_85' title='bbox 909 1304 1040 1380; x_wconf 86' lang='lat' dir='ltr'>praeest</span> <span class='ocrx_word' id='word_1_86' title='bbox 1058 1303 1151 1379; x_wconf 87' lang='lat' dir='ltr'>panis</span> <span class='ocrx_word' id='word_1_87' title='bbox 1169 1303 1267 1364; x_wconf 82' lang='lat' dir='ltr'>affer-</span> 
     </span>
     <span class='ocr_line' id='line_1_11' title="bbox 151 1409 1268 1494; baseline 0.004 -25"><span class='ocrx_word' id='word_1_88' title='bbox 151 1411 206 1470; x_wconf 89' lang='lat' dir='ltr'>tur</span> <span class='ocrx_word' id='word_1_89' title='bbox 221 1412 253 1468; x_wconf 92' lang='lat' dir='ltr'>et</span> <span class='ocrx_word' id='word_1_90' title='bbox 273 1409 418 1487; x_wconf 88' lang='lat' dir='ltr'>poeulum</span> <span class='ocrx_word' id='word_1_91' title='bbox 442 1425 543 1486; x_wconf 85' lang='lat' dir='ltr'>aquae</span> <span class='ocrx_word' id='word_1_92' title='bbox 566 1411 699 1487; x_wconf 87' lang='lat' dir='ltr'>etvini,</span> <span class='ocrx_word' id='word_1_93' title='bbox 722 1411 837 1486; x_wconf 89' lang='lat' dir='ltr'>quibus</span> <span class='ocrx_word' id='word_1_94' title='bbox 855 1411 911 1494; x_wconf 80' lang='lat' dir='ltr'>iile</span> <span class='ocrx_word' id='word_1_95' title='bbox 939 1413 1079 1489; x_wconf 86' lang='lat' dir='ltr'>aoeeptis</span> <span class='ocrx_word' id='word_1_96' title='bbox 1095 1412 1220 1474; x_wconf 88' lang='lat' dir='ltr'>laudem</span> <span class='ocrx_word' id='word_1_97' title='bbox 1233 1415 1268 1474; x_wconf 86' lang='lat' dir='ltr'>et</span> 
     </span>
     <span class='ocr_line' id='line_1_12' title="bbox 150 1519 1267 1598; baseline 0.005 -20"><span class='ocrx_word' id='word_1_98' title='bbox 150 1519 288 1596; x_wconf 80' lang='lat' dir='ltr'>gloriam</span> <span class='ocrx_word' id='word_1_99' title='bbox 304 1519 430 1596; x_wconf 82' lang='lat' dir='ltr'>parenti</span> <span class='ocrx_word' id='word_1_100' title='bbox 449 1519 668 1580; x_wconf 87' lang='lat' dir='ltr'>universorum</span> <span class='ocrx_word' id='word_1_101' title='bbox 681 1536 740 1597; x_wconf 89' lang='lat' dir='ltr'>per</span> <span class='ocrx_word' id='word_1_102' title='bbox 756 1536 868 1580; x_wconf 91' lang='lat' dir='ltr'>nomen</span> <span class='ocrx_word' id='word_1_103' title='bbox 885 1520 944 1580; x_wconf 87' lang='lat' dir='ltr'>filii</span> <span class='ocrx_word' id='word_1_104' title='bbox 967 1523 1000 1580; x_wconf 88' lang='lat' dir='ltr'>et</span> <span class='ocrx_word' id='word_1_105' title='bbox 1016 1521 1145 1598; x_wconf 89' lang='lat' dir='ltr'>spiritus</span> <span class='ocrx_word' id='word_1_106' title='bbox 1166 1521 1267 1584; x_wconf 86' lang='lat' dir='ltr'>saneti</span> 
     </span>
     <span class='ocr_line' id='line_1_13' title="bbox 150 1628 1266 1708; baseline 0.002 -18"><span class='ocrx_word' id='word_1_107' title='bbox 150 1645 278 1690; x_wconf 89' lang='lat' dir='ltr'>sursum</span> <span class='ocrx_word' id='word_1_108' title='bbox 299 1628 394 1688; x_wconf 89' lang='lat' dir='ltr'>mittit</span> <span class='ocrx_word' id='word_1_109' title='bbox 417 1629 450 1686; x_wconf 92' lang='lat' dir='ltr'>et</span> <span class='ocrx_word' id='word_1_110' title='bbox 473 1629 647 1705; x_wconf 84' lang='lat' dir='ltr'>gratiarum</span> <span class='ocrx_word' id='word_1_111' title='bbox 669 1630 824 1691; x_wconf 84' lang='lat' dir='ltr'>actionem</span> <span class='ocrx_word' id='word_1_112' title='bbox 845 1646 904 1708; x_wconf 86' lang='lat' dir='ltr'>pro</span> <span class='ocrx_word' id='word_1_113' title='bbox 928 1629 978 1690; x_wconf 92' lang='lat' dir='ltr'>his</span> <span class='ocrx_word' id='word_1_114' title='bbox 996 1631 1105 1690; x_wconf 90' lang='lat' dir='ltr'>abillo</span> <span class='ocrx_word' id='word_1_115' title='bbox 1125 1631 1266 1708; x_wconf 87' lang='lat' dir='ltr'>aeeeptis</span> 
     </span>
     <span class='ocr_line' id='line_1_14' title="bbox 152 1737 1266 1818; baseline 0.002 -20"><span class='ocrx_word' id='word_1_116' title='bbox 152 1737 245 1798; x_wconf 89' lang='lat' dir='ltr'>donis</span> <span class='ocrx_word' id='word_1_117' title='bbox 261 1737 387 1814; x_wconf 82' lang='lat' dir='ltr'>prolixe</span> <span class='ocrx_word' id='word_1_118' title='bbox 400 1739 584 1814; x_wconf 81' lang='lat' dir='ltr'>exsequitur</span> <span class='ocrx_word' id='word_1_119' title='bbox 592 1756 600 1814; x_wconf 83' lang='lat'>3</span> <span class='ocrx_word' id='word_1_120' title='bbox 622 1740 789 1818; x_wconf 87' lang='lat' dir='ltr'>postquam</span> <span class='ocrx_word' id='word_1_121' title='bbox 802 1755 916 1817; x_wconf 88' lang='lat' dir='ltr'>preees</span> <span class='ocrx_word' id='word_1_122' title='bbox 929 1739 962 1798; x_wconf 87' lang='lat' dir='ltr'>et</span> <span class='ocrx_word' id='word_1_123' title='bbox 976 1739 1149 1816; x_wconf 85' lang='lat' dir='ltr'>gratiarum</span> <span class='ocrx_word' id='word_1_124' title='bbox 1163 1741 1266 1800; x_wconf 81' lang='lat' dir='ltr'>aetio·-</span> 
     </span>
     <span class='ocr_line' id='line_1_15' title="bbox 107 1845 1265 1926; baseline 0.002 -18"><span class='ocrx_word' id='word_1_125' title='bbox 107 1874 117 1890; x_wconf 75' lang='lat'><strong>·</strong></span> <span class='ocrx_word' id='word_1_126' title='bbox 150 1865 223 1908; x_wconf 90' lang='lat' dir='ltr'>nem</span> <span class='ocrx_word' id='word_1_127' title='bbox 240 1848 388 1925; x_wconf 88' lang='lat' dir='ltr'>absolvit,</span> <span class='ocrx_word' id='word_1_128' title='bbox 408 1847 508 1908; x_wconf 89' lang='lat' dir='ltr'>omnis</span> <span class='ocrx_word' id='word_1_129' title='bbox 521 1849 574 1924; x_wconf 84' lang='lat' dir='ltr'>qui</span> <span class='ocrx_word' id='word_1_130' title='bbox 590 1848 682 1908; x_wconf 88' lang='lat' dir='ltr'>adest</span> <span class='ocrx_word' id='word_1_131' title='bbox 696 1849 833 1926; x_wconf 90' lang='lat' dir='ltr'>pop&#39;ulus</span> <span class='ocrx_word' id='word_1_132' title='bbox 847 1848 952 1918; x_wconf 81' lang='lat' dir='ltr'>fauste</span> <span class='ocrx_word' id='word_1_133' title='bbox 970 1849 1138 1908; x_wconf 78' lang='lat' dir='ltr'>adclamat:</span> <span class='ocrx_word' id='word_1_134' title='bbox 1154 1845 1265 1910; x_wconf 77' lang='lat' dir='ltr'>Amen.</span> 
     </span>
     <span class='ocr_line' id='line_1_16' title="bbox 150 1938 1265 2043; baseline 0.004 -25"><span class='ocrx_word' id='word_1_135' title='bbox 150 1957 253 2018; x_wconf 88' lang='lat' dir='ltr'>Amen</span> <span class='ocrx_word' id='word_1_136' title='bbox 272 1938 376 2018; x_wconf 89' lang='lat' dir='ltr'>autem</span> <span class='ocrx_word' id='word_1_137' title='bbox 390 1955 531 2018; x_wconf 75' lang='lat' dir='ltr'>hebraea</span> <span class='ocrx_word' id='word_1_138' title='bbox 548 1953 733 2043; x_wconf 76' lang='lat' dir='ltr'>linguafiot</span> <span class='ocrx_word' id='word_1_139' title='bbox 751 1959 916 2035; x_wconf 83' lang='lat' dir='ltr'>signifieat.</span> <span class='ocrx_word' id='word_1_140' title='bbox 959 1957 1131 2034; x_wconf 85' lang='lat' dir='ltr'>Postquam</span> <span class='ocrx_word' id='word_1_141' title='bbox 1143 1959 1265 2022; x_wconf 84' lang='lat' dir='ltr'>verois</span> 
     </span>
     <span class='ocr_line' id='line_1_17' title="bbox 101 2067 1266 2146; baseline 0.002 -18"><span class='ocrx_word' id='word_1_142' title='bbox 101 2070 106 2076; x_wconf 85' lang='grc'><em>’</em></span> <span class='ocrx_word' id='word_1_143' title='bbox 151 2068 208 2144; x_wconf 89' lang='lat' dir='ltr'>qui</span> <span class='ocrx_word' id='word_1_144' title='bbox 219 2069 350 2145; x_wconf 88' lang='lat' dir='ltr'>praeest</span> <span class='ocrx_word' id='word_1_145' title='bbox 364 2067 706 2144; x_wconf 80' lang='lat' dir='ltr'>gratiarum&#39;aotionem</span> <span class='ocrx_word' id='word_1_146' title='bbox 723 2067 862 2128; x_wconf 84' lang='lat' dir='ltr'>absolvit</span> <span class='ocrx_word' id='word_1_147' title='bbox 880 2070 912 2128; x_wconf 90' lang='lat' dir='ltr'>et</span> <span class='ocrx_word' id='word_1_148' title='bbox 926 2069 1025 2130; x_wconf 89' lang='lat' dir='ltr'>omnis</span> <span class='ocrx_word' id='word_1_149' title='bbox 1039 2069 1176 2146; x_wconf 85' lang='lat' dir='ltr'>populus</span> <span class='ocrx_word' id='word_1_150' title='bbox 1192 2067 1266 2132; x_wconf 83' lang='lat' dir='ltr'>feu·</span> 
     </span>
     <span class='ocr_line' id='line_1_18' title="bbox 151 2177 1266 2256; baseline 0 -18"><span class='ocrx_word' id='word_1_151' title='bbox 151 2179 203 2238; x_wconf 90' lang='lat' dir='ltr'>ste</span> <span class='ocrx_word' id='word_1_152' title='bbox 227 2177 431 2256; x_wconf 81' lang='lat' dir='ltr'>acelamavit,</span> <span class='ocrx_word' id='word_1_153' title='bbox 461 2177 514 2253; x_wconf 87' lang='lat' dir='ltr'>qui</span> <span class='ocrx_word' id='word_1_154' title='bbox 536 2178 622 2254; x_wconf 86' lang='lat' dir='ltr'>apud</span> <span class='ocrx_word' id='word_1_155' title='bbox 644 2193 702 2236; x_wconf 89' lang='lat' dir='ltr'>nos</span> <span class='ocrx_word' id='word_1_156' title='bbox 728 2177 874 2238; x_wconf 78' lang='lat' dir='ltr'>dicuutur</span> <span class='ocrx_word' id='word_1_157' title='bbox 895 2177 1019 2238; x_wconf 87' lang='lat' dir='ltr'>diaconi</span> <span class='ocrx_word' id='word_1_158' title='bbox 1034 2195 1148 2256; x_wconf 87' lang='lat' dir='ltr'>panem</span> <span class='ocrx_word' id='word_1_159' title='bbox 1165 2179 1198 2236; x_wconf 88' lang='lat' dir='ltr'>et</span> <span class='ocrx_word' id='word_1_160' title='bbox 1213 2178 1266 2238; x_wconf 92' lang='lat' dir='ltr'>vi·</span> 
     </span>
     <span class='ocr_line' id='line_1_19' title="bbox 151 2286 1266 2366; baseline 0.002 -20"><span class='ocrx_word' id='word_1_161' title='bbox 151 2304 224 2347; x_wconf 88' lang='lat' dir='ltr'>num</span> <span class='ocrx_word' id='word_1_162' title='bbox 241 2289 273 2346; x_wconf 88' lang='lat' dir='ltr'>et</span> <span class='ocrx_word' id='word_1_163' title='bbox 295 2303 422 2365; x_wconf 85' lang='lat' dir='ltr'>aquam,</span> <span class='ocrx_word' id='word_1_164' title='bbox 446 2287 607 2364; x_wconf 86' lang='lat' dir='ltr'>inquibus</span> <span class='ocrx_word' id='word_1_165' title='bbox 624 2286 747 2364; x_wconf 83' lang='lat' dir='ltr'>gratiae</span> <span class='ocrx_word' id='word_1_166' title='bbox 771 2287 861 2345; x_wconf 87' lang='lat' dir='ltr'>aetae</span> <span class='ocrx_word' id='word_1_167' title='bbox 877 2287 966 2364; x_wconf 87' lang='lat' dir='ltr'>sunt,</span> <span class='ocrx_word' id='word_1_168' title='bbox 985 2286 1150 2363; x_wconf 76' lang='lat' dir='ltr'>unicuique</span> <span class='ocrx_word' id='word_1_169' title='bbox 1167 2303 1266 2366; x_wconf 85' lang='lat' dir='ltr'>prae·</span> 
     </span>
    </p>
   </div>
   <div class='ocr_carea' id='block_1_3' title="bbox 151 2386 1184 2479">
    <p class='ocr_par' dir='ltr' id='par_1_3' title="bbox 151 2386 1184 2479">
     <span class='ocr_line' id='line_1_20' title="bbox 151 2386 1184 2479; baseline -0.001 -22"><span class='ocrx_word' id='word_1_170' title='bbox 151 2396 286 2457; x_wconf 88' lang='lat' dir='ltr'>sentium</span> <span class='ocrx_word' id='word_1_171' title='bbox 302 2397 522 2479; x_wconf 85' lang='lat' dir='ltr'>participanda</span> <span class='ocrx_word' id='word_1_172' title='bbox 536 2397 727 2458; x_wconf 88' lang='lat' dir='ltr'>distribuunt</span> <span class='ocrx_word' id='word_1_173' title='bbox 740 2397 772 2456; x_wconf 91' lang='lat' dir='ltr'>et</span> <span class='ocrx_word' id='word_1_174' title='bbox 787 2395 828 2456; x_wconf 90' lang='lat' dir='ltr'>ad</span> <span class='ocrx_word' id='word_1_175' title='bbox 845 2395 993 2456; x_wconf 82' lang='lat' dir='ltr'>absentes</span> <span class='ocrx_word' id='word_1_176' title='bbox 1009 2386 1184 2475; x_wconf 86' lang='lat' dir='ltr'>perferunt.</span> 
     </span>
    </p>
   </div>
   <div class='ocr_carea' id='block_1_4' title="bbox 149 2591 1266 3604">
    <p class='ocr_par' dir='ltr' id='par_1_4' title="bbox 149 2591 1266 3604">
     <span class='ocr_line' id='line_1_21' title="bbox 151 2591 1265 2665; baseline 0.002 -17"><span class='ocrx_word' id='word_1_177' title='bbox 151 2591 207 2648; x_wconf 68' lang='lat' dir='ltr'>md</span> <span class='ocrx_word' id='word_1_178' title='bbox 221 2596 247 2646; x_wconf 85' lang='lat' dir='ltr'>et</span> <span class='ocrx_word' id='word_1_179' title='bbox 259 2591 377 2648; x_wconf 84' lang='lat' dir='ltr'>Gieseler</span> <span class='ocrx_word' id='word_1_180' title='bbox 386 2593 482 2650; x_wconf 73' lang='lat' dir='ltr'>Leird</span> <span class='ocrx_word' id='word_1_181' title='bbox 499 2597 546 2652; x_wconf 78' lang='lat' dir='ltr'>der</span> <span class='ocrx_word' id='word_1_182' title='bbox 559 2595 691 2650; x_wconf 77' lang='lat' dir='ltr'>Kircdro-</span> <span class='ocrx_word' id='word_1_183' title='bbox 726 2611 810 2665; x_wconf 77' lang='lat' dir='ltr'>equos</span> <span class='ocrx_word' id='word_1_184' title='bbox 823 2597 856 2648; x_wconf 83' lang='lat' dir='ltr'>et</span> <span class='ocrx_word' id='word_1_185' title='bbox 874 2595 1009 2662; x_wconf 74' lang='lat' dir='ltr'>quidem</span> <span class='ocrx_word' id='word_1_186' title='bbox 1025 2597 1083 2650; x_wconf 82' lang='lat' dir='ltr'>vimi</span> <span class='ocrx_word' id='word_1_187' title='bbox 1095 2595 1165 2664; x_wconf 79' lang='lat' dir='ltr'>apud</span> <span class='ocrx_word' id='word_1_188' title='bbox 1179 2596 1265 2650; x_wconf 62' lang='lat' dir='ltr'>midi.</span> 
     </span>
     <span class='ocr_line' id='line_1_22' title="bbox 149 2671 1266 2751; baseline 0.004 -20"><span class='ocrx_word' id='word_1_189' title='bbox 149 2677 475 2746; x_wconf 53' lang='lat' dir='ltr'>ressuscitandum.</span> <span class='ocrx_word' id='word_1_190' title='bbox 497 2681 510 2734; x_wconf 92' lang='lat'>1</span> <span class='ocrx_word' id='word_1_191' title='bbox 532 2679 636 2750; x_wconf 56' lang='lat' dir='ltr'>(eddi)</span> <span class='ocrx_word' id='word_1_192' title='bbox 663 2695 690 2750; x_wconf 86' lang='lat' dir='ltr'>p.</span> <span class='ocrx_word' id='word_1_193' title='bbox 727 2680 871 2749; x_wconf 83' lang='lat' dir='ltr'>Trollopius</span> <span class='ocrx_word' id='word_1_194' title='bbox 896 2679 986 2732; x_wconf 86' lang='lat' dir='ltr'>solvit:</span> <span class='ocrx_word' id='word_1_195' title='bbox 1010 2671 1117 2742; x_wconf 69' lang='lat' dir='ltr'>terroe</span> <span class='ocrx_word' id='word_1_196' title='bbox 1135 2678 1204 2751; x_wconf 78' lang='grc' dir='ltr'><strong><em>οἴνῳ</em></strong></span> <span class='ocrx_word' id='word_1_197' title='bbox 1220 2697 1266 2736; x_wconf 71' lang='grc' dir='ltr'>κε·</span> 
     </span>
     <span class='ocr_line' id='line_1_23' title="bbox 150 2761 1266 2832; baseline 0.002 -16"><span class='ocrx_word' id='word_1_198' title='bbox 150 2761 214 2816; x_wconf 74' lang='lat'>232.</span> <span class='ocrx_word' id='word_1_199' title='bbox 726 2761 898 2832; x_wconf 79' lang='grc' dir='ltr'><strong><em>κρομμένοο.</em></strong></span> <span class='ocrx_word' id='word_1_200' title='bbox 930 2763 1007 2816; x_wconf 87' lang='lat' dir='ltr'>Plura</span> <span class='ocrx_word' id='word_1_201' title='bbox 1024 2761 1119 2816; x_wconf 85' lang='lat' dir='ltr'>dabunt</span> <span class='ocrx_word' id='word_1_202' title='bbox 1134 2763 1219 2816; x_wconf 83' lang='lat' dir='ltr'>Grabe</span> <span class='ocrx_word' id='word_1_203' title='bbox 1234 2763 1266 2818; x_wconf 83' lang='lat' dir='ltr'>ad</span> 
     </span>
     <span class='ocr_line' id='line_1_24' title="bbox 219 2846 1264 2918; baseline 0.003 -18"><span class='ocrx_word' id='word_1_204' title='bbox 219 2846 246 2902; x_wconf 81' lang='lat'>5.</span> <span class='ocrx_word' id='word_1_205' title='bbox 265 2847 306 2918; x_wconf 73' lang='grc' dir='ltr'>τῷ</span> <span class='ocrx_word' id='word_1_206' title='bbox 331 2848 499 2918; x_wconf 73' lang='grc' dir='ltr'><strong><em>προεστῶτι]</em></strong></span> <span class='ocrx_word' id='word_1_207' title='bbox 530 2847 569 2905; x_wconf 79' lang='lat' dir='ltr'>Gi.</span> <span class='ocrx_word' id='word_1_208' title='bbox 595 2850 692 2904; x_wconf 83' lang='lat' dir='ltr'>Reiebe</span> <span class='ocrx_word' id='word_1_209' title='bbox 726 2851 795 2904; x_wconf 83' lang='lat' dir='ltr'>iren.</span> <span class='ocrx_word' id='word_1_210' title='bbox 812 2849 830 2904; x_wconf 89' lang='lat'>1.</span> <span class='ocrx_word' id='word_1_211' title='bbox 840 2865 863 2904; x_wconf 89' lang='lat' dir='ltr'>e.</span> <span class='ocrx_word' id='word_1_212' title='bbox 881 2852 908 2902; x_wconf 81' lang='lat' dir='ltr'>et</span> <span class='ocrx_word' id='word_1_213' title='bbox 922 2846 1033 2912; x_wconf 80' lang='lat' dir='ltr'>Augusti</span> <span class='ocrx_word' id='word_1_214' title='bbox 1042 2847 1264 2915; x_wconf 74' lang='lat' dir='ltr'>Deodmeirdipdd.</span> 
     </span>
     <span class='ocr_line' id='line_1_25' title="bbox 150 2931 1265 3002; baseline -0.002 -14"><span class='ocrx_word' id='word_1_215' title='bbox 150 2934 168 2988; x_wconf 84' lang='lat'>1.</span> <span class='ocrx_word' id='word_1_216' title='bbox 185 2949 208 2988; x_wconf 91' lang='grc' dir='ltr'>ο.</span> <span class='ocrx_word' id='word_1_217' title='bbox 227 2949 253 3002; x_wconf 93' lang='lat' dir='ltr'>p.</span> <span class='ocrx_word' id='word_1_218' title='bbox 267 2931 322 2995; x_wconf 74' lang='lat'>&#39;426</span> <span class='ocrx_word' id='word_1_219' title='bbox 339 2933 366 2990; x_wconf 78' lang='lat' dir='ltr'>&#39;ei</span> <span class='ocrx_word' id='word_1_220' title='bbox 382 2935 555 3002; x_wconf 74' lang='lat' dir='ltr'>Beumgarien</span> <span class='ocrx_word' id='word_1_221' title='bbox 566 2934 692 2990; x_wconf 81' lang='lat' dir='ltr'>-6rusius</span> <span class='ocrx_word' id='word_1_222' title='bbox 727 2947 777 2988; x_wconf 79' lang='lat' dir='ltr'>ees</span> <span class='ocrx_word' id='word_1_223' title='bbox 798 2934 823 2986; x_wconf 88' lang='lat' dir='ltr'>d.</span> <span class='ocrx_word' id='word_1_224' title='bbox 846 2931 945 2984; x_wconf 74' lang='lat' dir='ltr'>odrn&#39;stl.</span> <span class='ocrx_word' id='word_1_225' title='bbox 961 2932 1135 3000; x_wconf 75' lang='lat' dir='ltr'>Areddolooie</span> <span class='ocrx_word' id='word_1_226' title='bbox 1150 2933 1213 2985; x_wconf 85' lang='lat' dir='ltr'>Tem</span> <span class='ocrx_word' id='word_1_227' title='bbox 1229 2932 1265 2986; x_wconf 83' lang='lat' dir='ltr'>lv</span> 
     </span>
     <span class='ocr_line' id='line_1_26' title="bbox 150 3001 1263 3088; baseline 0.004 -18"><span class='ocrx_word' id='word_1_228' title='bbox 150 3016 169 3072; x_wconf 88' lang='lat'>1.</span> <span class='ocrx_word' id='word_1_229' title='bbox 189 3033 212 3072; x_wconf 70' lang='grc' dir='ltr'>ο.</span> <span class='ocrx_word' id='word_1_230' title='bbox 228 3032 254 3085; x_wconf 71' lang='lat' dir='ltr'>p.</span> <span class='ocrx_word' id='word_1_231' title='bbox 269 3016 332 3072; x_wconf 82' lang='lat' dir='ltr'>sse.</span> <span class='ocrx_word' id='word_1_232' title='bbox 727 3019 813 3088; x_wconf 72' lang='lat' dir='ltr'>(urps.</span> <span class='ocrx_word' id='word_1_233' title='bbox 838 3015 919 3086; x_wconf 75' lang='lat' dir='ltr'>rom)</span> <span class='ocrx_word' id='word_1_234' title='bbox 940 3028 966 3084; x_wconf 75' lang='lat' dir='ltr'>p.</span> <span class='ocrx_word' id='word_1_235' title='bbox 978 3012 1037 3070; x_wconf 81' lang='lat'><strong>162.</strong></span> <span class='ocrx_word' id='word_1_236' title='bbox 1054 3019 1081 3068; x_wconf 75' lang='lat' dir='ltr'>er</span> <span class='ocrx_word' id='word_1_237' title='bbox 1104 3001 1175 3072; x_wconf 74' lang='lat' dir='ltr'>tom.</span> <span class='ocrx_word' id='word_1_238' title='bbox 1194 3016 1263 3076; x_wconf 79' lang='lat' dir='ltr'>uu.</span> 
     </span>
     <span class='ocr_line' id='line_1_27' title="bbox 221 3090 1035 3172; baseline 0.006 -18"><span class='ocrx_word' id='word_1_239' title='bbox 221 3101 247 3156; x_wconf 89' lang='lat'>6.</span> <span class='ocrx_word' id='word_1_240' title='bbox 266 3095 353 3170; x_wconf 77' lang='grc' dir='ltr'><strong><em>ἄρτος</em></strong></span> <span class='ocrx_word' id='word_1_241' title='bbox 368 3099 416 3158; x_wconf 78' lang='lat' dir='ltr'>eei</span> <span class='ocrx_word' id='word_1_242' title='bbox 434 3095 573 3172; x_wconf 76' lang='grc' dir='ltr'><strong><em>ποτήριον</em></strong></span> <span class='ocrx_word' id='word_1_243' title='bbox 587 3097 693 3168; x_wconf 74' lang='grc' dir='ltr'><strong><em>ὕδατος</em></strong></span> <span class='ocrx_word' id='word_1_244' title='bbox 726 3100 813 3172; x_wconf 67' lang='grc' dir='ltr'>1).ἵί</span> <span class='ocrx_word' id='word_1_245' title='bbox 1032 3090 1035 3096; x_wconf 60' lang='grc'><strong>’</strong></span> 
     </span>
     <span class='ocr_line' id='line_1_28' title="bbox 153 3180 1264 3255; baseline 0.007 -15"><span class='ocrx_word' id='word_1_246' title='bbox 153 3185 204 3242; x_wconf 69' lang='grc' dir='ltr'>καὶ</span> <span class='ocrx_word' id='word_1_247' title='bbox 228 3183 386 3254; x_wconf 72' lang='grc' dir='ltr'>κρᾶμοτοο]</span> <span class='ocrx_word' id='word_1_248' title='bbox 421 3187 507 3242; x_wconf 82' lang='lat' dir='ltr'>Infra:</span> <span class='ocrx_word' id='word_1_249' title='bbox 535 3181 625 3255; x_wconf 73' lang='grc' dir='ltr'><strong><em>ἄρτου</em></strong></span> <span class='ocrx_word' id='word_1_250' title='bbox 645 3189 693 3246; x_wconf 73' lang='lat' dir='ltr'>uei</span> <span class='ocrx_word' id='word_1_251' title='bbox 795 3180 934 3254; x_wconf 71' lang='lat' dir='ltr'>7·&#39;A!1r1&#39;¹’]</span> <span class='ocrx_word' id='word_1_252' title='bbox 960 3183 999 3238; x_wconf 73' lang='lat' dir='ltr'>Cf·</span> <span class='ocrx_word' id='word_1_253' title='bbox 1017 3183 1110 3236; x_wconf 69' lang='lat' dir='ltr'>librum</span> <span class='ocrx_word' id='word_1_254' title='bbox 1123 3201 1207 3238; x_wconf 72' lang='lat' dir='ltr'>meum</span> <span class='ocrx_word' id='word_1_255' title='bbox 1224 3185 1264 3240; x_wconf 64' lang='lat' dir='ltr'>De</span> 
     </span>
     <span class='ocr_line' id='line_1_29' title="bbox 150 3265 1263 3342; baseline 0 -16"><span class='ocrx_word' id='word_1_256' title='bbox 150 3272 234 3326; x_wconf 76' lang='grc' dir='ltr'><strong><em>οἴοοο</em></strong></span> <span class='ocrx_word' id='word_1_257' title='bbox 255 3271 304 3328; x_wconf 72' lang='grc' dir='ltr'>καὶ</span> <span class='ocrx_word' id='word_1_258' title='bbox 326 3265 442 3336; x_wconf 72' lang='grc' dir='ltr'>ὕδατος.</span> <span class='ocrx_word' id='word_1_259' title='bbox 482 3272 511 3328; x_wconf 81' lang='lat' dir='ltr'>G.</span> <span class='ocrx_word' id='word_1_260' title='bbox 526 3271 580 3328; x_wconf 83' lang='lat'>67:</span> <span class='ocrx_word' id='word_1_261' title='bbox 607 3268 693 3342; x_wconf 72' lang='grc' dir='ltr'><strong><em>ἄρτος</em></strong></span> <span class='ocrx_word' id='word_1_262' title='bbox 726 3271 818 3326; x_wconf 87' lang='lat' dir='ltr'>lustini</span> <span class='ocrx_word' id='word_1_263' title='bbox 827 3272 904 3324; x_wconf 85' lang='lat' dir='ltr'>Mart.</span> <span class='ocrx_word' id='word_1_264' title='bbox 918 3269 1056 3338; x_wconf 86' lang='lat' dir='ltr'>scriptiset</span> <span class='ocrx_word' id='word_1_265' title='bbox 1065 3265 1146 3322; x_wconf 78' lang='lat' dir='ltr'>doctr.</span> <span class='ocrx_word' id='word_1_266' title='bbox 1164 3283 1190 3338; x_wconf 90' lang='lat' dir='ltr'>p.</span> <span class='ocrx_word' id='word_1_267' title='bbox 1204 3269 1263 3326; x_wconf 84' lang='lat'><strong>181.</strong></span> 
     </span>
     <span class='ocr_line' id='line_1_30' title="bbox 150 3350 819 3428; baseline 0.003 -18"><span class='ocrx_word' id='word_1_268' title='bbox 150 3354 346 3426; x_wconf 76' lang='grc' dir='ltr'>προσφέρεται</span> <span class='ocrx_word' id='word_1_269' title='bbox 366 3355 414 3412; x_wconf 76' lang='lat' dir='ltr'>eod</span> <span class='ocrx_word' id='word_1_270' title='bbox 438 3350 516 3419; x_wconf 75' lang='grc' dir='ltr'><strong><em>οἶνος</em></strong></span> <span class='ocrx_word' id='word_1_271' title='bbox 539 3355 586 3414; x_wconf 77' lang='lat' dir='ltr'>eei</span> <span class='ocrx_word' id='word_1_272' title='bbox 604 3351 692 3428; x_wconf 70' lang='grc' dir='ltr'><strong><em>ὕδωρ.</em></strong></span> <span class='ocrx_word' id='word_1_273' title='bbox 726 3373 753 3412; x_wconf 91' lang='lat' dir='ltr'>n.</span> <span class='ocrx_word' id='word_1_274' title='bbox 774 3356 819 3412; x_wconf 87' lang='lat'>69.</span> 
     </span>
     <span class='ocr_line' id='line_1_31' title="bbox 151 3437 1265 3512; baseline 0 -16"><span class='ocrx_word' id='word_1_275' title='bbox 151 3443 205 3497; x_wconf 81' lang='lat' dir='ltr'>Alii</span> <span class='ocrx_word' id='word_1_276' title='bbox 219 3457 319 3512; x_wconf 86' lang='lat' dir='ltr'>quoqne</span> <span class='ocrx_word' id='word_1_277' title='bbox 337 3441 438 3510; x_wconf 84' lang='lat' dir='ltr'>priscae</span> <span class='ocrx_word' id='word_1_278' title='bbox 458 3441 580 3496; x_wconf 84' lang='lat' dir='ltr'>ecelesiae</span> <span class='ocrx_word' id='word_1_279' title='bbox 603 3443 692 3498; x_wconf 77' lang='lat' dir='ltr'>doeio·</span> <span class='ocrx_word' id='word_1_280' title='bbox 794 3441 820 3495; x_wconf 86' lang='lat'>8.</span> <span class='ocrx_word' id='word_1_281' title='bbox 842 3437 870 3494; x_wconf 82' lang='lat' dir='ltr'>oi</span> <span class='ocrx_word' id='word_1_282' title='bbox 882 3439 1109 3510; x_wconf 70' lang='lat' dir='ltr'>...paeetndaivJ</span> <span class='ocrx_word' id='word_1_283' title='bbox 1122 3439 1265 3496; x_wconf 76' lang='lat' dir='ltr'>ciliorum</span> 
     </span>
     <span class='ocr_line' id='line_1_32' title="bbox 151 3522 1195 3604; baseline -0.002 -24"><span class='ocrx_word' id='word_1_284' title='bbox 151 3527 284 3580; x_wconf 77' lang='lat' dir='ltr'>restrium</span> <span class='ocrx_word' id='word_1_285' title='bbox 298 3527 326 3580; x_wconf 91' lang='lat' dir='ltr'>in</span> <span class='ocrx_word' id='word_1_286' title='bbox 340 3526 492 3580; x_wconf 87' lang='lat' dir='ltr'>eucharistia</span> <span class='ocrx_word' id='word_1_287' title='bbox 508 3527 691 3604; x_wconf 82' lang='lat' dir='ltr'>elementorum</span> <span class='ocrx_word' id='word_1_288' title='bbox 726 3539 810 3580; x_wconf 86' lang='lat' dir='ltr'>meum</span> <span class='ocrx_word' id='word_1_289' title='bbox 823 3524 896 3580; x_wconf 89' lang='lat' dir='ltr'>modo</span> <span class='ocrx_word' id='word_1_290' title='bbox 911 3525 1014 3580; x_wconf 79' lang='lat' dir='ltr'>citatum</span> <span class='ocrx_word' id='word_1_291' title='bbox 1027 3539 1053 3593; x_wconf 91' lang='lat' dir='ltr'>p.</span> <span class='ocrx_word' id='word_1_292' title='bbox 1069 3523 1112 3578; x_wconf 77' lang='lat'>9⁵.</span> <span class='ocrx_word' id='word_1_293' title='bbox 1130 3539 1156 3578; x_wconf 86' lang='lat' dir='ltr'>n.</span> <span class='ocrx_word' id='word_1_294' title='bbox 1169 3522 1195 3578; x_wconf 76' lang='lat'>3.</span> 
     </span>
    </p>
   </div>
   <div class='ocr_carea' id='block_1_5' title="bbox 67 3603 1265 3681">
    <p class='ocr_par' dir='ltr' id='par_1_5' title="bbox 67 3603 1265 3681">
     <span class='ocr_line' id='line_1_33' title="bbox 67 3603 1265 3681; baseline -0.004 -14"><span class='ocrx_word' id='word_1_295' title='bbox 67 3642 71 3648; x_wconf 94' lang='lat'>·</span> <span class='ocrx_word' id='word_1_296' title='bbox 150 3612 308 3666; x_wconf 84' lang='lat' dir='ltr'>mentionem</span> <span class='ocrx_word' id='word_1_297' title='bbox 340 3613 472 3666; x_wconf 84' lang='lat' dir='ltr'>iecerunt:</span> <span class='ocrx_word' id='word_1_298' title='bbox 507 3611 595 3680; x_wconf 85' lang='lat' dir='ltr'>penis,</span> <span class='ocrx_word' id='word_1_299' title='bbox 630 3611 691 3681; x_wconf 82' lang='lat' dir='ltr'>riui,</span> <span class='ocrx_word' id='word_1_300' title='bbox 795 3609 822 3666; x_wconf 83' lang='lat'>9.</span> <span class='ocrx_word' id='word_1_301' title='bbox 841 3608 890 3664; x_wconf 81' lang='lat' dir='ltr'>uni</span> <span class='ocrx_word' id='word_1_302' title='bbox 905 3609 966 3672; x_wconf 75' lang='grc' dir='ltr'><strong><em>τοῖς</em></strong></span> <span class='ocrx_word' id='word_1_303' title='bbox 979 3603 1014 3663; x_wconf 84' lang='lat' dir='ltr'>oo&#39;</span> <span class='ocrx_word' id='word_1_304' title='bbox 1032 3609 1173 3676; x_wconf 78' lang='grc' dir='ltr'><strong><em>παροῦσιν</em></strong></span> <span class='ocrx_word' id='word_1_305' title='bbox 1192 3603 1265 3662; x_wconf 77' lang='lat' dir='ltr'>duo·</span> 
     </span>
    </p>
   </div>
   <div class='ocr_carea' id='block_1_6' title="bbox 149 3691 1268 4280">
    <p class='ocr_par' dir='ltr' id='par_1_6' title="bbox 149 3691 1268 4280">
     <span class='ocr_line' id='line_1_34' title="bbox 151 3691 1265 3765; baseline -0.006 -15"><span class='ocrx_word' id='word_1_306' title='bbox 151 3712 241 3765; x_wconf 77' lang='lat' dir='ltr'>aquae.</span> <span class='ocrx_word' id='word_1_307' title='bbox 277 3696 375 3764; x_wconf 82' lang='lat' dir='ltr'>Nempe</span> <span class='ocrx_word' id='word_1_308' title='bbox 404 3696 541 3750; x_wconf 77' lang='lat' dir='ltr'>Christiani</span> <span class='ocrx_word' id='word_1_309' title='bbox 563 3711 615 3750; x_wconf 90' lang='lat' dir='ltr'>non</span> <span class='ocrx_word' id='word_1_310' title='bbox 637 3712 692 3750; x_wconf 85' lang='lat' dir='ltr'>me·</span> <span class='ocrx_word' id='word_1_311' title='bbox 727 3691 858 3764; x_wconf 78' lang='grc' dir='ltr'>φέρουσι]</span> <span class='ocrx_word' id='word_1_312' title='bbox 882 3696 1010 3762; x_wconf 77' lang='lat' dir='ltr'>Pomone,</span> <span class='ocrx_word' id='word_1_313' title='bbox 1038 3695 1095 3747; x_wconf 84' lang='lat' dir='ltr'>who</span> <span class='ocrx_word' id='word_1_314' title='bbox 1113 3694 1179 3746; x_wconf 85' lang='lat' dir='ltr'>irem</span> <span class='ocrx_word' id='word_1_315' title='bbox 1196 3693 1265 3744; x_wconf 80' lang='lat' dir='ltr'>sick-</span> 
     </span>
     <span class='ocr_line' id='line_1_35' title="bbox 149 3775 1265 3849; baseline -0.005 -15"><span class='ocrx_word' id='word_1_316' title='bbox 149 3796 207 3834; x_wconf 88' lang='lat' dir='ltr'>rum</span> <span class='ocrx_word' id='word_1_317' title='bbox 221 3781 306 3834; x_wconf 85' lang='lat' dir='ltr'>vinum</span> <span class='ocrx_word' id='word_1_318' title='bbox 321 3779 367 3834; x_wconf 86' lang='lat' dir='ltr'>sed</span> <span class='ocrx_word' id='word_1_319' title='bbox 390 3795 454 3848; x_wconf 84' lang='lat' dir='ltr'>eque</span> <span class='ocrx_word' id='word_1_320' title='bbox 469 3784 639 3849; x_wconf 83' lang='lat' dir='ltr'>temperatum</span> <span class='ocrx_word' id='word_1_321' title='bbox 652 3781 692 3834; x_wconf 81' lang='lat' dir='ltr'>bi·</span> <span class='ocrx_word' id='word_1_322' title='bbox 726 3793 786 3832; x_wconf 84' lang='lat' dir='ltr'>uass</span> <span class='ocrx_word' id='word_1_323' title='bbox 801 3794 830 3834; x_wconf 89' lang='lat' dir='ltr'>or</span> <span class='ocrx_word' id='word_1_324' title='bbox 844 3779 919 3832; x_wconf 85' lang='lat' dir='ltr'>other</span> <span class='ocrx_word' id='word_1_325' title='bbox 939 3793 1029 3832; x_wconf 85' lang='lat' dir='ltr'>censes</span> <span class='ocrx_word' id='word_1_326' title='bbox 1047 3792 1115 3830; x_wconf 86' lang='lat' dir='ltr'>were</span> <span class='ocrx_word' id='word_1_327' title='bbox 1132 3775 1223 3829; x_wconf 82' lang='lat' dir='ltr'>unable</span> <span class='ocrx_word' id='word_1_328' title='bbox 1236 3779 1265 3828; x_wconf 88' lang='lat' dir='ltr'>to</span> 
     </span>
     <span class='ocr_line' id='line_1_36' title="bbox 149 3851 1265 3934; baseline -0.007 -14"><span class='ocrx_word' id='word_1_329' title='bbox 149 3866 245 3920; x_wconf 80' lang='lat' dir='ltr'>hebent</span> <span class='ocrx_word' id='word_1_330' title='bbox 274 3861 319 3934; x_wconf 75' lang='grc' dir='ltr'>(τό</span> <span class='ocrx_word' id='word_1_331' title='bbox 345 3861 516 3932; x_wconf 74' lang='grc' dir='ltr'><strong><em>κεκραμένον</em></strong></span> <span class='ocrx_word' id='word_1_332' title='bbox 540 3860 691 3932; x_wconf 59' lang='grc' dir='ltr'>ποτήριον</span> <span class='ocrx_word' id='word_1_333' title='bbox 726 3863 833 3932; x_wconf 78' lang='lat' dir='ltr'>attend,</span> <span class='ocrx_word' id='word_1_334' title='bbox 851 3879 920 3919; x_wconf 81' lang='lat' dir='ltr'>were</span> <span class='ocrx_word' id='word_1_335' title='bbox 934 3861 1058 3931; x_wconf 78' lang='lat' dir='ltr'>regarded</span> <span class='ocrx_word' id='word_1_336' title='bbox 1074 3851 1101 3912; x_wconf 74' lang='lat' dir='ltr'>ds</span> <span class='ocrx_word' id='word_1_337' title='bbox 1115 3863 1221 3930; x_wconf 87' lang='lat' dir='ltr'>present</span> <span class='ocrx_word' id='word_1_338' title='bbox 1238 3859 1265 3912; x_wconf 86' lang='lat' dir='ltr'>in</span> 
     </span>
     <span class='ocr_line' id='line_1_37' title="bbox 149 3943 1267 4024; baseline -0.006 -19"><span class='ocrx_word' id='word_1_339' title='bbox 149 3953 219 4007; x_wconf 89' lang='lat' dir='ltr'>Iren.</span> <span class='ocrx_word' id='word_1_340' title='bbox 238 3950 293 4006; x_wconf 77' lang='lat' dir='ltr'>adv.</span> <span class='ocrx_word' id='word_1_341' title='bbox 308 3951 379 4004; x_wconf 81' lang='lat' dir='ltr'>haer.</span> <span class='ocrx_word' id='word_1_342' title='bbox 406 3948 436 4002; x_wconf 83' lang='lat' dir='ltr'>V.</span> <span class='ocrx_word' id='word_1_343' title='bbox 454 3964 476 4003; x_wconf 88' lang='lat' dir='ltr'>c.</span> <span class='ocrx_word' id='word_1_344' title='bbox 493 3949 522 4016; x_wconf 72' lang='lat'>2)</span> <span class='ocrx_word' id='word_1_345' title='bbox 537 3965 608 4006; x_wconf 88' lang='lat' dir='ltr'>more</span> <span class='ocrx_word' id='word_1_346' title='bbox 623 3951 690 4004; x_wconf 80' lang='lat' dir='ltr'>enti·</span> <span class='ocrx_word' id='word_1_347' title='bbox 726 3948 801 4018; x_wconf 78' lang='lat' dir='ltr'>spirit</span> <span class='ocrx_word' id='word_1_348' title='bbox 815 3946 864 4000; x_wconf 85' lang='lat' dir='ltr'>end</span> <span class='ocrx_word' id='word_1_349' title='bbox 880 3948 1029 4024; x_wconf 75' lang='lat' dir='ltr'>sympaihy3</span> <span class='ocrx_word' id='word_1_350' title='bbox 1045 3943 1093 3998; x_wconf 85' lang='lat' dir='ltr'>end</span> <span class='ocrx_word' id='word_1_351' title='bbox 1106 3943 1222 4012; x_wconf 81' lang='lat' dir='ltr'>portione</span> <span class='ocrx_word' id='word_1_352' title='bbox 1239 3945 1267 3998; x_wconf 87' lang='lat' dir='ltr'>oi</span> 
     </span>
     <span class='ocr_line' id='line_1_38' title="bbox 150 4027 1265 4104; baseline -0.004 -17"><span class='ocrx_word' id='word_1_353' title='bbox 150 4049 217 4103; x_wconf 86' lang='lat' dir='ltr'>quo,</span> <span class='ocrx_word' id='word_1_354' title='bbox 236 4036 390 4104; x_wconf 81' lang='lat' dir='ltr'>praesertim</span> <span class='ocrx_word' id='word_1_355' title='bbox 407 4033 533 4089; x_wconf 76' lang='lat' dir='ltr'>orientali.</span> <span class='ocrx_word' id='word_1_356' title='bbox 550 4061 585 4076; x_wconf 91' lang='lat'>·-</span> <span class='ocrx_word' id='word_1_357' title='bbox 624 4034 690 4090; x_wconf 81' lang='lat' dir='ltr'>Par.</span> <span class='ocrx_word' id='word_1_358' title='bbox 725 4033 769 4085; x_wconf 79' lang='lat' dir='ltr'>the</span> <span class='ocrx_word' id='word_1_359' title='bbox 789 4027 1093 4086; x_wconf 75' lang='lat' dir='ltr'>consecrated&#39;elements</span> <span class='ocrx_word' id='word_1_360' title='bbox 1115 4043 1183 4082; x_wconf 84' lang='lat' dir='ltr'>were</span> <span class='ocrx_word' id='word_1_361' title='bbox 1206 4034 1265 4084; x_wconf 85' lang='lat' dir='ltr'>sent</span> 
     </span>
     <span class='ocr_line' id='line_1_39' title="bbox 149 4106 1264 4188; baseline -0.01 -12"><span class='ocrx_word' id='word_1_362' title='bbox 149 4120 228 4176; x_wconf 81' lang='lat' dir='ltr'>tioule</span> <span class='ocrx_word' id='word_1_363' title='bbox 240 4117 289 4174; x_wconf 73' lang='lat' dir='ltr'>nei</span> <span class='ocrx_word' id='word_1_364' title='bbox 305 4123 363 4173; x_wconf 81' lang='grc' dir='ltr'><strong><em>οιιιο</em></strong></span> <span class='ocrx_word' id='word_1_365' title='bbox 379 4113 524 4187; x_wconf 74' lang='grc' dir='ltr'><strong><em>κράμοοοο</em></strong></span> <span class='ocrx_word' id='word_1_366' title='bbox 541 4123 581 4173; x_wconf 84' lang='lat' dir='ltr'>est</span> <span class='ocrx_word' id='word_1_367' title='bbox 595 4133 690 4188; x_wconf 84' lang='lat' dir='ltr'>epexe-</span> <span class='ocrx_word' id='word_1_368' title='bbox 724 4119 752 4170; x_wconf 83' lang='lat' dir='ltr'>to</span> <span class='ocrx_word' id='word_1_369' title='bbox 769 4116 811 4168; x_wconf 89' lang='lat' dir='ltr'>the</span> <span class='ocrx_word' id='word_1_370' title='bbox 831 4111 926 4184; x_wconf 84' lang='lat' dir='ltr'>iuralid</span> <span class='ocrx_word' id='word_1_371' title='bbox 944 4127 973 4166; x_wconf 90' lang='lat' dir='ltr'>or</span> <span class='ocrx_word' id='word_1_372' title='bbox 991 4117 1018 4166; x_wconf 88' lang='lat' dir='ltr'>to</span> <span class='ocrx_word' id='word_1_373' title='bbox 1034 4114 1077 4168; x_wconf 86' lang='lat' dir='ltr'>the</span> <span class='ocrx_word' id='word_1_374' title='bbox 1098 4106 1264 4182; x_wconf 83' lang='lat' dir='ltr'>imprisooed,</span> 
     </span>
     <span class='ocr_line' id='line_1_40' title="bbox 150 4197 1268 4280; baseline -0.004 -20"><span class='ocrx_word' id='word_1_375' title='bbox 150 4206 233 4274; x_wconf 74' lang='lat' dir='ltr'>getiee</span> <span class='ocrx_word' id='word_1_376' title='bbox 265 4204 314 4274; x_wconf 75' lang='lat' dir='ltr'>(z</span> <span class='ocrx_word' id='word_1_377' title='bbox 343 4204 466 4272; x_wconf 78' lang='lat' dir='ltr'>nimlieh)</span> <span class='ocrx_word' id='word_1_378' title='bbox 501 4201 582 4256; x_wconf 85' lang='lat' dir='ltr'>dieta:</span> <span class='ocrx_word' id='word_1_379' title='bbox 620 4202 691 4256; x_wconf 76' lang='lat' dir='ltr'>tolie</span> <span class='ocrx_word' id='word_1_380' title='bbox 725 4202 755 4280; x_wconf 77' lang='lat' dir='ltr'>in¹</span> <span class='ocrx_word' id='word_1_381' title='bbox 771 4199 846 4254; x_wconf 87' lang='lat' dir='ltr'>order</span> <span class='ocrx_word' id='word_1_382' title='bbox 861 4199 917 4252; x_wconf 85' lang='lat' dir='ltr'>thet</span> <span class='ocrx_word' id='word_1_383' title='bbox 931 4197 992 4265; x_wconf 87' lang='lat' dir='ltr'>they</span> <span class='ocrx_word' id='word_1_384' title='bbox 1013 4198 1094 4266; x_wconf 77' lang='lat' dir='ltr'>might</span> <span class='ocrx_word' id='word_1_385' title='bbox 1117 4201 1223 4269; x_wconf 82' lang='lat' dir='ltr'>pnrtake</span> <span class='ocrx_word' id='word_1_386' title='bbox 1239 4202 1268 4256; x_wconf 87' lang='lat' dir='ltr'>oi</span> 
     </span>
    </p>
   </div>
   <div class='ocr_carea' id='block_1_7' title="bbox 0 0 1460 4774">
    <p class='ocr_par' dir='ltr' id='par_1_7' title="bbox 0 0 1460 4774">
     <span class='ocr_line' id='line_1_41' title="bbox 0 0 1460 4774; baseline 0 0"><span class='ocrx_word' id='word_1_387' title='bbox 0 0 1460 4774; x_wconf 95' lang='lat' dir='ltr'> </span> 
     </span>
    </p>
   </div>
  </div>
 </body>
</html>
