2910 4774
524 297 732 362 nnouoom
758 301 794 362 n.
1168 281 1230 366 ise
1278 257 1280 262 ⁵

118 475 250 550 praeter
273 489 408 549 eaquae
426 473 590 532 vertuntur
606 477 638 532 et
659 461 856 535 immutantur
873 479 905 535 et
929 477 958 535 in
976 476 1084 536 eedem
1104 491 1229 553 semper

118 585 338 661 resolvuntur,
362 585 459 643 etsie
483 585 599 643 nullius
618 587 681 661 rei,
705 603 784 661 quae
809 587 932 662 quidem
949 589 1143 665 corruptioni
1167 605 1229 648 non

119 695 162 753 sit
188 695 341 771 obnoxia,
365 695 523 754 notionem
541 694 661 754 habere
684 698 717 754 et
739 697 842 773 ipsum
858 698 949 756 deum
964 700 1028 757 tum
1044 715 1102 774 per
1119 692 1229 775 partes

118 807 183 864 tum
199 822 258 882 per
280 805 460 864 universum
481 806 512 862 in
541 806 622 864 omni
644 807 783 881 nequitia
806 809 998 893 constituere
1020 809 1229 868 videbuntur:

119 915 174 973 vel
188 915 266 974 nihil
284 931 355 974 esse
372 915 481 973 vitium
497 933 598 991 neque
619 917 785 976 virtutem:
816 919 900 992 quod
921 918 1066 994 profecto
1084 921 1117 978 et
1132 928 1230 996 pree*

119 1025 172 1082 ter
193 1041 312 1084 omnem
330 1041 436 1084 sanam
457 1026 614 1086 notionem
629 1029 660 1085 et
675 1027 828 1086 rationem
846 1030 878 1086 et
897 1031 1030 1087 mentem
1049 1031 1107 1088 est.

207 1130 236 1186 8.
260 1125 325 1186 Eos
350 1143 474 1202 quoque
496 1127 548 1202 qui
565 1144 584 1185 a
600 1126 775 1187 Stoicorum
801 1129 966 1205 diseiptina
989 1130 1126 1206 preteeti
1149 1131 1230 1207 sunt,

121 1237 267 1313 quoniam
283 1237 396 1296 saltem
420 1237 452 1294 in
474 1237 513 1294 iis
534 1254 613 1312 quae
635 1239 674 1297 de
693 1239 831 1298 monibus
848 1239 994 1299 dixerunt
1011 1241 1175 1316 praeclare
1194 1257 1230 1300 se

120 1333 308 1422 habuerunt,
333 1347 366 1406 id
382 1347 465 1422 quod
481 1348 574 1405 etiam
590 1348 695 1423 eliqua
711 1365 750 1406 ex
764 1351 856 1425 perte
874 1350 977 1426 poetis
992 1351 1133 1427 contigit,
1152 1367 1231 1428 pro·
1294 1417 1310 1435 ὓ

120 1460 194 1535 pter
210 1459 335 1517 insitum
359 1458 441 1516 omni
463 1457 622 1518 hominum
637 1459 746 1535 generi
768 1476 875 1518 semen
898 1459 981 1535 logi,
1007 1461 1088 1518 odiis
1105 1461 1232 1537 expeti·

121 1571 172 1628 tos
193 1571 225 1627 et
242 1569 364 1626 occisos
379 1584 451 1636 esse
471 1568 600 1627 seimus:
621 1567 813 1628 Heraclitum
829 1571 967 1646 quidem,
990 1572 1025 1628 ut
1041 1572 1132 1628 antea
1147 1571 1232 1629 dixi·

121 1695 207 1753 mus,
232 1681 265 1736 ot
286 1678 461 1737 Musonium
479 1679 509 1736 in
526 1678 576 1737 his
594 1679 646 1754 qui
667 1681 777 1738 nostra
796 1681 900 1738 aetate
918 1680 1090 1738 floruerunt
1105 1681 1136 1738 et
1149 1681 1231 1739 elios

121 1790 273 1848 novimus.
304 1789 565 1858 Quemadmodum
582 1789 662 1847 enim
678 1789 898 1865 indicavimus,
921 1789 1092 1848 effecerunt
1106 1807 1232 1867 semper

123 1901 292 1960 daemones
316 1901 351 1958 ut
366 1916 491 1976 omnes,
521 1901 573 1975 qui
594 1900 800 1975 qualicunque
816 1900 928 1958 saltem
947 1901 1039 1959 modo
1063 1899 1232 1960 seeundum

122 2009 220 2086 logon
242 2011 352 2068 viuere
377 2012 408 2068 et
432 2010 542 2068 vitium
563 2009 674 2085 fugere
699 2011 901 2086 studuerunt,
932 2010 1004 2069 odio
1029 2009 1232 2070 haberentur:

122 2119 247 2182 Minime
267 2123 370 2180 autem
386 2121 496 2179 mirum
515 2122 581 2196 est,
601 2120 628 2178 si
648 2136 704 2178 eos
727 2120 855 2195 quinon
870 2120 910 2178 ad
930 2119 1064 2195 aliquem
1080 2120 1147 2196 logi
1164 2121 1233 2178 dis-

123 2230 268 2290 seminati
291 2233 414 2307 partem
436 2232 546 2290 vivere
568 2231 712 2307 student,
741 2230 799 2289 sed
824 2230 864 2288 ad
884 2230 981 2289 totius
1000 2229 1083 2306 logi,
1103 2229 1163 2289 hoo
1182 2231 1233 2289 est

124 2341 260 2416 Christi,
288 2341 496 2417 eognitionem
516 2343 552 2411 ¹et
574 2341 883 2418 contemplationem,
906 2341 1041 2400 eonvioti
1064 2341 1233 2402 daemones

122 2442 338 2518 multomagis
361 2443 433 2502 odio
448 2443 582 2502 hebent:
608 2443 661 2519 qui
680 2443 804 2517 quidem
822 2442 945 2502 debitas
963 2459 1083 2518 poenes
1099 2460 1135 2502 ao
1154 2460 1233 2520 sup-

194 2597 220 2652 3.
242 2595 428 2663 Μυυσοὸνιον]
460 2599 570 2651 Musunii
593 2599 664 2651 multi
699 2597 774 2649 stieni
795 2599 877 2648 eutem
894 2597 1030 2650 seeundum
1046 2601 1127 2650 totum
1150 2591 1233 2664 λόγον

123 2685 244 2737 fuciunt:
262 2686 304 2737 uix
322 2689 407 2738 temen
424 2684 525 2737 dubium
543 2701 599 2736 esso
616 2699 664 2752 po·
699 2682 774 2732 vitem
785 2681 962 2746 instituerunt3
976 2684 1162 2748 quapropterin
1173 2695 1233 2748 gru·-

124 2774 178 2822 test
198 2771 257 2838 quin
277 2771 318 2822 hic
341 2774 431 2822 noster
450 2770 582 2822 Musonius
599 2771 664 2836 Tyr·
700 2767 764 2832 vius,
783 2764 916 2832 (mamilli,
935 2764 1083 2818 daemonnm
1100 2767 1233 2820 irruerunt

124 2859 221 2911 rhenus
244 2857 286 2908 ille
310 2855 474 2924 philosophus
494 2855 596 2908 Stoicus
621 2856 664 2922 sit,
699 2850 794 2926 odium.
808 2878 842 2886 —
860 2849 1089 2902 Reiiciendeesunt
1102 2851 1232 2902 contectu-

125 2959 201 3012 quem
226 2940 317 2993 Suides
343 2935 392 2993 διαὶ
414 2936 467 3008 τήν
487 2937 665 3008 παῤῥουσίαν
699 2934 869 2986 reePerionii
892 2931 958 2994 τούς
983 2939 1041 3003 post
1063 2929 1133 2986 ἀλλὰ
1156 2949 1232 3002 repe-

125 3027 175 3082 eut
193 3025 226 3080 τὸ
246 3023 399 3093 ἐλεγκτικὸν
414 3024 507 3079 noted
525 3022 664 3096 ὑπερβάς.
698 3018 777 3070 tentis
788 3017 826 3086 (id
843 3018 909 3086 quod
928 3024 953 3072 et
962 3021 1080 3087 Sylbung.
1101 3020 1235 3074 ethun:

125 3118 177 3168 λον
195 3113 244 3179 τῆς
261 3109 422 3176 ἐλευθερίας
436 3127 449 3164 e
463 3111 565 3164 Nerone
583 3112 664 3164 inter·
699 3103 838 3171 probant),
867 3104 996 3171 Sylburgii
1019 3104 1046 3158 εἰ
1057 3101 1092 3158 ου’
1111 3100 1212 3158 κατὰ..
1225 3118 1235 3156 .·

124 3199 221 3251 tectum
239 3203 335 3253 nannet.
366 3196 507 3250 Meirldius.
699 3189 825 3256 θεωρίαν
837 3189 921 3257 βιοῦν
935 3188 1145 3255 σπουδάζοντας
1160 3187 1232 3244 notd

195 3281 222 3337 4.
240 3277 286 3345 Ὡς
305 3281 357 3351 γὰρ
380 3278 569 3348 ἐσημάναμευ]
595 3275 664 3332 c.7.
700 3273 894 3340 detegentis,
920 3273 1007 3326 Grabii
1036 3272 1083 3330 εἴτ’
1107 3273 1142 3330 ου’
1167 3272 1234 3338 τους

126 3383 153 3436 p.
171 3369 214 3422 45.
236 3369 274 3422 D:
300 3367 372 3422 κατοὶ
394 3363 447 3435 τήν
466 3369 523 3419 τῶν
547 3361 666 3432 φαύλων
699 3353 773 3414 κατὰ
844 3354 913 3410 died
930 3357 997 3420 τούς
1015 3357 1088 3414 κατὰ
1108 3359 1160 3429 τήν
1181 3359 1234 3415 voti

126 3452 272 3522 δαιμόνων
291 3451 428 3520 ἐνέργειαν
444 3450 510 3514 τούς
524 3450 664 3504 σπονδαί·
700 3443 804 3508 παντός
819 3439 919 3513 λόγου,
939 3437 956 3498 ὅ
971 3438 1022 3514 (ὅς)
1036 3443 1094 3500 ἐστι
1111 3448 1233 3516 Χριστοῦ

128 3559 194 3605 ους,
215 3537 279 3592 οἷον
303 3535 459 3608 Σωκράτην
477 3537 524 3591 καὶ
545 3535 612 3598 τούς
631 3529 664 3589 ὁ·
699 3528 861 3602 (Χριστός),
885 3535 995 3602 γνῶσιν.
1034 3536 1087 3587 Iem
1101 3535 1235 3588 Perioniue

127 3626 245 3694 μοιόος,
269 3624 424 3678 διώκεσθαι
447 3623 496 3677 καὶ
510 3621 540 3678 ἐν
553 3625 665 3692 δεσμοῖς
699 3621 808 3673 malebat
829 3611 860 3681 ὅς
882 3617 938 3673 ἐστι
952 3616 1079 3688 Χριστός.
1117 3621 1178 3672 Sine
1192 3636 1235 3672 re·

128 3706 211 3766 ιῖναι.
558 3725 561 3732 ·
699 3705 786 3756 tione:
812 3719 869 3755 nem
887 3699 904 3756 δ’
924 3702 980 3758 ἐστι
1001 3705 1067 3757 idem
1083 3705 1150 3755 velet
1169 3702 1236 3771 quod

199 3796 223 3850 5.
244 3795 271 3851 el
281 3792 348 3858 τούς
366 3790 413 3860 οὔ]
439 3796 587 3864 Nogetinem
605 3807 665 3860 per·
701 3786 838 3841 τουτέστι.
867 3787 935 3840 Idem
950 3789 1021 3842 MD.
1038 3789 1100 3854 legit
1114 3785 1236 3856 ἐλέγχον-

128 3883 232 3936 ticulem
255 3876 288 3936 οὔ
312 3884 337 3935 in
360 3881 431 3936 codd.
454 3883 526 3934 mstis
550 3882 575 3931 et
593 3877 666 3930 editis
701 3891 749 3925 ται
765 3868 955 3939 ἔνεργοῦντιςε
982 3875 1172 3926 convincuntur
1191 3873 1236 3942 so·

130 3969 249 4020 omissam
274 3967 366 4019 addere
390 3982 441 4019 non
468 3963 587 4018 dubitavi.
627 3959 668 4012 Ad
702 3965 768 4009 cere:
789 3955 841 4008 Sed
856 3961 881 4009 et
897 3959 943 4012 hee
962 3958 1099 4009 mutatione
1116 3973 1236 4026 superse-

130 4049 216 4122 λόγου
229 4049 315 4119 μέρος
330 4052 464 4105 subaudies
478 4051 562 4120 βιοῦν
577 4062 667 4099 σπου·
702 4041 804 4110 demus3
821 4057 913 4094 sensus
927 4043 994 4094 enim
1010 4039 1159 4108 (Sylburg.)
1180 4045 1236 4094 est:

130 4135 317 4203 δσὶζονταςοα
335 4137 551 4191 antecedentibus.
583 4135 668 4186 lteo-
703 4123 845 4194 ἐνεργοῦσι
873 4127 1017 4192 μισεῖσθαι
1047 4120 1094 4177 διαὶ
1116 4121 1148 4177 τὰ
1180 4120 1237 4194 (ὑπ’

129 4225 198 4277 mnia
212 4239 273 4276 sena
291 4228 316 4276 et
329 4223 463 4292 perspicue
481 4223 570 4271 erunt:
597 4217 667 4270 Gen·
703 4206 807 4279 αὐτῶν)
828 4209 984 4280 ἐλέγχεσθαι
999 4212 1024 4264 h.
1043 4226 1066 4265 e.
1083 4210 1148 4278 quod
1164 4225 1238 4266 euer-

131 4310 190 4362 tites
211 4309 281 4362 iente
304 4307 453 4378 pmtieutem
473 4301 572 4374 λόγου,
593 4303 667 4358 Clui-
703 4304 814 4371 guuntur
828 4313 889 4353 suae
903 4296 1080 4367 improbitatis.
