2910 4774
539 259 749 326 arenosis
774 261 799 326 l.
918 259 921 264 ’
1184 265 1247 336 mle
1324 343 1326 348 ,

132 431 215 510 ipsis
240 431 420 492 tradidisse.
466 431 556 504 Quod
578 435 702 512 quidem
719 437 814 497 etiam
832 436 864 498 iu
879 435 1014 502 Mithrae
1029 441 1192 520 mysteriis
1211 447 1247 505 ut

133 543 237 619 fieret,
253 543 427 602 docuerunt
441 559 501 620 per
514 544 719 606 imitationem
732 548 825 624 pravi
835 547 1019 627 daemones;
1038 569 1151 628 panem
1165 544 1248 614 enini

134 653 168 711 et
183 653 329 730 poculum
344 670 444 729 aquae
460 654 491 712 in
507 654 576 713 eius
592 655 645 730 qoi
657 655 799 716 initiatur
812 658 974 734 mysteriis
989 661 1097 722 verbis
1114 663 1247 740 quibus·

134 761 206 822 dam
224 762 340 821 additis
357 763 490 840 apponi,
516 765 570 824 aut
587 765 675 824 scitis
695 767 750 824 aut
765 765 890 826 discere
909 771 1055 844 potestis.

221 873 273 932 θλ·
292 871 359 932 Nos
382 874 486 932 antem
509 873 680 950 posthaec
698 873 848 951 deinceps
868 875 959 936 nobis
974 879 1114 941 invicem·
1128 880 1192 942 ista
1215 882 1248 941 in

132 983 314 1042 memoriam
341 999 543 1042 revocamus:
580 985 613 1042 et
642 983 695 1059 qui
723 983 865 1060 opulenti
897 1002 1003 1045 sumus
1032 989 1247 1072 indigentibus
1359 1027 1363 1032 -

134 1093 278 1152 omnibus
292 1091 503 1170 subvenimus,
525 1093 558 1152 et
572 1109 699 1170 semper
713 1109 775 1152 una
792 1111 907 1153 sumus,
949 1095 1054 1172 Atque
1070 1117 1130 1176 pro
1146 1103 1248 1160 omui-

132 1202 193 1260 bus
216 1201 328 1276 quibus
348 1203 505 1261 vescimur
529 1203 693 1262 laudamus
715 1205 891 1262 creatorem
916 1207 1049 1266 omnium
1067 1225 1126 1285 per
1149 1209 1247 1271 filium

133 1311 204 1370 eius
219 1309 321 1370 Iesum
337 1309 495 1371 Christum
522 1317 555 1371 et
577 1328 635 1390 per
660 1313 803 1389 spiritum
831 1315 980 1374 sanctum.
1023 1316 1072 1376 Ae
1093 1319 1172 1378 solis
1194 1322 1247 1396 qui

132 1421 249 1479 dicitur
266 1421 317 1479 dio
334 1423 466 1481 omnium
487 1421 554 1480 sive
576 1421 672 1480 urbes
691 1422 759 1481 sive
779 1439 874 1499 agros
888 1425 1089 1486 incolentium
1109 1429 1141 1486 in
1156 1445 1246 1492 eume·

132 1531 205 1590 dem
227 1531 330 1590 locum
360 1533 531 1590 conventus
553 1531 605 1608 fit,
641 1533 674 1590 et
697 1532 918 1592 commentaria
948 1537 1165 1612 apostolorum
1190 1543 1246 1599 aut

132 1640 253 1716 scripta
267 1639 493 1716 prophetarum
508 1641 665 1718 leguntur,
685 1642 789 1717 quoad
804 1643 880 1723 licet
895 1661 955 1720 per
970 1645 1102 1721 tempos.
1123 1645 1245 1708 Deinde

131 1749 188 1810 ubi
208 1750 311 1809 lector
329 1749 439 1828 desiit,
464 1751 492 1810 is
512 1751 565 1827 qui
580 1753 710 1830 praeest
726 1751 834 1812 verbis
851 1753 1093 1816 admonitionem
1111 1759 1144 1816 et
1163 1757 1244 1818 iuci-

132 1948 189 1986 cos
208 1947 295 1985 corum
310 1933 352 2000 qui
366 1935 513 2000 cougregati
527 1939 595 1990 sunt.
617 1928 671 1988 ''E-
707 1935 960 2002 gelico-lutheranam
976 1937 1175 2006 antiquissimam
1186 1957 1243 1996 esse

131 2035 217 2071 πειτα
229 2012 405 2085 οἷνιστοῖμεθα
416 2019 497 2089 κοινῇ
508 2015 611 2081 πάντες
623 2020 672 2074 καλ
706 2035 738 2072 ex
761 2020 857 2073 lostino
881 2021 957 2076 biart.
983 2021 1141 2076 demonstrat
1167 2029 1243 2094 atque

132 2097 385 2170 εὖγοὶςσέμπομεν.
414 2103 610 2170 cinysostomus
624 2104 670 2156 ali·
705 2103 806 2156 deducit
828 2104 923 2160 christ.
951 2105 1032 2162 Gottl.
1056 2107 1167 2176 Burger.
1197 2111 1242 2164 Vi-

132 2188 208 2240 cubi:
228 2184 299 2255 μευολ
315 2187 366 2256 τὴν
378 2189 544 2253 παραίνεσιν
562 2183 671 2251 ,εὐθέως
704 2189 781 2242 temb.
799 2188 875 2244 1755.
891 2188 917 2245 t.
952 2241 955 2244 ,

133 2266 213 2339 εὐχή.
249 2272 324 2340 [Τιιιιι
343 2274 460 2326 osculo
478 2277 593 2326 sancto
608 2289 670 2326 con·
773 2271 799 2328 4.
818 2269 864 2329 ἐπὶ
885 2273 917 2330 τὰ
936 2273 1007 2332 αὐτὰ
1025 2273 1182 2343 συνέλευσις
1195 2279 1241 2350 γλ-

133 2357 234 2422 gregati
250 2373 278 2409 se
294 2357 401 2408 invicem
417 2358 577 2426 salutabant,
596 2362 624 2409 ut
645 2374 668 2412 c.
704 2362 794 2422 σεται]
817 2360 937 2415 Formula
957 2359 1002 2418 em
1023 2359 1056 2418 ao*
1081 2359 1153 2418 αὐτὰ
1176 2365 1243 2417 velet

132 2439 168 2490 65
190 2445 357 2494 memoratur:
377 2434 511 2507 ἀλλήλους
533 2437 670 2510 φιλήματι
703 2445 735 2496 λιι
750 2447 938 2503 caramlocum.
972 2449 1057 2503 Aliter
1072 2467 1094 2504 c.
1110 2449 1153 2502 40.
1169 2463 1195 2502 ιι.
1213 2443 1241 2502 9'.

134 2517 319 2592 ἀσπαζόμεθα
339 2521 516 2593 παυσάμενοι
537 2528 594 2579 τῶν
619 2522 670 2582 εὖ·
705 2527 767 2580 Vide
784 2529 915 2594 lileyerum
930 2533 960 2585 ad
974 2533 1044 2588 Actt.
1061 2538 1149 2602 apost·
1162 2532 1241 2600 1,15*.

133 2611 253 2676 γῶν-
272 2609 326 2663 vide
342 2611 400 2665 ibid.
423 2627 449 2664 ιι.
466 2610 506 2678 3.]
535 2610 576 2664 4⁰.
595 2612 671 2664 Pro·
704 2641 740 2652 -
760 2611 928 2678 Συνέλευσις
945 2619 985 2670 hic
1012 2619 1042 2671 de
1067 2623 1125 2672 actu
1148 2633 1242 2670 conre-

133 2711 189 2748 ces
220 2699 254 2747 et
287 2697 474 2762 gratiarum
507 2696 670 2748 actiones
706 2695 791 2748 niendi
812 2697 920 2768 diciior3
948 2703 984 2754 sic
1007 2703 1081 2770 paulo
1103 2696 1241 2770 intramis

134 2793 243 2846 super
278 2779 454 2832 elementis
485 2781 670 2848 apraeposito
705 2781 864 2836 συνέλευσιν
878 2780 1056 2850 ποιούμεθα,
1077 2787 1135 2839 coll.
1154 2802 1176 2840 c.
1195 2785 1239 2841 4⁰.

132 2877 235 2916 sorsum
250 2863 351 2916 missae.
378 2862 572 2932 Παυσαμέυυν
590 2857 671 2932 ἡμῶν
704 2881 730 2934 p.
746 2866 789 2922 78.
806 2868 838 2923 Ε.
867 2868 903 2920 At
918 2868 1018 2922 deloco
1035 2873 1174 2922 conventus
1194 2885 1241 2922 ex-

132 2947 187 3014 τῆσ
204 2947 287 3016 εὐχῆς
309 2941 394 3014 ἄρτοι
412 2947 603 3017 προσφέρεται
621 2947 670 3002 καλ
705 2957 757 3006 stat
770 2953 797 3004 in
811 2953 881 3006 nott.
899 2957 1003 3021 martyr.
1022 2955 1050 3008 S.
1067 2953 1159 3009 lustini
1175 2970 1198 3006 c.
1209 2953 1241 3008 8:

134 3027 214 3094 οἶνος
235 3032 284 3088 καὶ
305 3026 400 3100 ὕδωρ,
424 3035 473 3089 καὶ
495 3030 512 3088 o‘
528 3031 670 3102 προεστώς
705 3033 741 3092 ου’
755 3033 880 3106 γινσόσιισν
896 3030 981 3104 ἄλλην
995 3033 1058 3092 τινα
1072 3036 1241 3092 συνέλευσιν.

133 3110 219 3184 εὖχοὶρ
239 3111 345 3185 ὁμοίως
364 3117 412 3174 rat
435 3113 610 3186 εὐχαριστίας
738 3121 763 3176 6.
775 3121 870 3190 μέχρις
885 3117 1009 3190 ἐγχωρεῖ]
1018 3123 1127 3188 Augusti
1136 3121 1241 3192 (Deult-

134 3197 302 3270 ἀναπέμπει.
341 3203 384 3258 6⁰.
413 3204 566 3272 Congregati
588 3205 682 3271 eccle-4
703 3209 849 3275 wrirdiytb.
865 3221 914 3258 σαι
931 3205 957 3259 ιλ.
978 3207 1079 3259 obsistt.
1095 3207 1241 3260 Arcbdolo-

133 3289 331 3344 mantdmcu.
359 3284 669 3358 Καλὸλαόρέιιευφη-
704 3296 747 3360 yle
768 3293 839 3346 Tom.
858 3291 901 3344 vl.
925 3289 997 3356 lips.
1026 3288 1101 3344 1823.
1125 3306 1151 3360 p.
1176 3290 1241 3362 262)

133 3373 183 3438 μεῖ
201 3369 287 3439 λέγων
309 3369 342 3426 τό
358 3369 442 3442 ἁμήν.
475 3373 518 3430 6⁰.
540 3375 669 3428 Distri-
704 3376 851 3429 transtulit:
876 3387 925 3442 „so
939 3374 990 3426 ricl
1008 3375 1045 3427 als
1060 3375 1241 3432 erioderlicb.“

133 3455 233 3508 butio
254 3456 500 3512 elementorum
521 3473 569 3527 per
584 3459 670 3514 diaco·
704 3461 758 3514 lam
774 3461 877 3528 longus
900 3459 948 3512 rim
965 3461 1036 3513 vorbi
1053 3456 1181 3529 ἐγχωρεῖν
1194 3461 1241 3530 (ci.

134 3555 192 3593 uos.
227 3539 283 3593 Καλ
300 3532 317 3607 ἡ
336 3536 464 3604 διάδοσις
482 3543 529 3598 καλ
552 3537 670 3612 ἡμετοὶ-
704 3547 774 3615 Papo
792 3546 810 3599 l.
826 3561 848 3601 c.
875 3543 953 3612 inv.)
974 3547 1092 3612 cognovit
1114 3546 1240 3602 reddens:

134 3629 219 3694 ληψιε
244 3620 302 3678 ἀπὸ
329 3625 386 3678 τοῖν
411 3622 670 3698 ον’γαριοεηθένυων
705 3631 792 3698 ριιοοιλ
811 3633 912 3698 umbos
923 3629 986 3698 fert.
1018 3630 1151 3698 Interpros
1166 3630 1241 3683 cam·

134 3708 241 3782 ἑιιολοσφ
260 3711 368 3779 γλνεται
383 3737 418 3750 -
432 3726 455 3765 c.
471 3711 519 3766 65:
538 3710 670 3768 διάκονοι
704 3713 867 3784 bibonensis:
897 3729 946 3780 „so
970 3713 1045 3778 lange
1072 3728 1100 3764 es
1125 3712 1165 3765 dio
1186 3713 1243 3766 Zeit

133 3793 266 3852 διδόασιν
295 3791 402 3866 ἑκάστῳ
432 3797 491 3850 τῶν
521 3797 671 3864 παρόντων
704 3798 856 3865 ςεελελλελ.“
890 3795 928 3849 ci.
946 3796 1013 3850 Dial.
1030 3811 1053 3850 c.
1069 3796 1113 3851 Tr.
1134 3812 1157 3852 c.
1174 3795 1240 3850 118:

134 3881 304 3951 μεταλαβεῖν
318 3884 384 3934 etc..
402 3907 438 3920 -·
466 3881 504 3934 De
519 3884 671 3938 eucharistia
705 3877 744 3944 oie
763 3879 882 3949 ἐγχωρεῖ.

133 3969 219 4017 sutem
241 3966 281 4018 bic
298 3964 364 4016 idem
385 3963 452 4032 quod
471 3981 548 4034 supra
569 3971 671 4035 narrat;
773 3965 799 4020 6.
818 3961 868 4020 διὰ
882 3962 967 4033 λόγου
981 3968 1044 4027 etc]
1059 3963 1179 4017 Formula
1192 3961 1242 4018 δνσὶ

133 4064 214 4116 quare
241 4049 325 4102 addit:
351 4043 391 4111 oie
409 4048 587 4119 προέφημεν,
614 4051 669 4106 scii.
705 4048 1241 4119 λόγουελίειιιο.18.ρ.60.[λ.ελο.65.

133 4147 156 4186 ο.
171 4131 216 4186 65.
233 4161 269 4172 -
302 4134 455 4202 betusiani
477 4136 601 4190 hocloco
625 4150 671 4188 er·
705 4150 730 4204 ρ.
742 4135 785 4190 90.
805 4135 837 4189 Ε.
856 4140 995 4204 comparet.
1019 4165 1054 4176 -
1083 4133 1242 4204 Νουθεσλα,

132 4221 185 4270 olet
208 4219 401 4274 commentatio:
428 4220 569 4289 Litorgiam
594 4235 669 4274 evau-
705 4219 722 4274 i.
739 4234 764 4290 q.
781 4219 933 4290 νουθεσία,
954 4237 1016 4292 quac
1031 4221 1112 4276 forma
1128 4223 1243 4290 praestat
