2910 4774
527 251 738 316 arctoum
767 253 791 316 1.
1164 253 1228 322 135

110 423 184 486 iore
201 423 331 502 suimus,
353 422 478 484 etiamsi
492 440 551 484 vos
567 426 720 486 increduli
736 426 905 502 manuatim
932 427 1014 504 quud
1030 427 1111 488 enim
1126 430 1227 492 nocui

109 533 174 596 fuit
191 533 289 594 oflicii
310 533 427 594 lactum
444 535 494 594 est
512 537 544 594 et
559 535 747 596 absolutum.

201 747 251 806 56.
281 744 351 805 Non
375 747 478 804 antem
503 746 581 806 ratis
605 745 664 808 luit
688 747 797 822 pravis
822 747 1024 808 daemonibus
1048 749 1121 808 ante
1136 763 1227 824 quam

111 855 260 916 Christus
284 855 431 932 apparuit
451 857 579 930 eosqui
604 857 682 914 dicti
698 860 770 916 suut
794 857 877 918 filios
897 857 973 916 love
990 859 1078 917 ortos
1093 874 1226 918 asseve-

110 981 203 1042 rare,
223 966 280 1024 sed
296 982 403 1040 quum,
423 967 590 1041 postquam
604 965 659 1024 ille
677 965 824 1042 apparuit
840 968 872 1026 et
894 967 977 1026 inter
991 967 1134 1030 homines
1149 985 1225 1028 ver·

110 1078 202 1136 satus
215 1076 282 1152 est,
305 1075 400 1133 etiam
425 1065 579 1149 quomodo
597 1091 615 1132 a
633 1075 800 1150 prophetis
817 1077 1055 1152 praenuntiatus
1071 1080 1159 1136 esset
1176 1077 1226 1137 di-

111 1185 265 1244 dicissent
288 1185 383 1260 atque
404 1200 474 1243 eum
491 1184 523 1242 in
544 1185 626 1244 omni
648 1183 804 1244 hominum
820 1201 937 1262 genere
953 1187 1040 1246 credi
1056 1189 1227 1264 exspecta-

111 1294 204 1370 rique
221 1294 460 1370 cognovissent,
483 1311 611 1371 rursus,
634 1295 667 1352 ut
685 1293 746 1352 iam
765 1295 1063 1380 demonstravimus,
1088 1297 1227 1356 immise-

111 1405 187 1463 runt
199 1402 297 1478 alios,
318 1403 473 1461 Simonem
497 1404 528 1460 et
544 1401 746 1463 Menandrum
769 1403 1001 1483 Samaritanus,
1025 1407 1078 1482 qui
1096 1379 1226 1483 magieis

112 1512 308 1572 facinoribus
326 1513 419 1572 culitis
432 1513 547 1571 multos
563 1513 755 1588 deceperunt
772 1516 803 1571 et
820 1514 921 1572 adhuc
942 1515 1092 1591 deceptos
1110 1519 1225 1574 tenent.

112 1619 239 1684 Etenim
255 1639 347 1696 quum
363 1622 448 1699 apud
462 1638 538 1698 vos,
557 1623 591 1681 ut
608 1623 668 1680 iam
689 1623 764 1697 dixi,
787 1623 818 1680 in
835 1623 924 1699 regia
939 1623 1036 1682 Roma
1053 1625 1110 1682 sub
1129 1623 1225 1684 Clau·

113 1731 169 1794 dio
193 1729 331 1790 Caesare
348 1729 457 1790 Simon
478 1733 679 1807 versaretur,
707 1733 739 1789 et
762 1749 885 1791 sacrum
909 1734 1049 1791 senatum
1073 1737 1105 1791 et
1120 1751 1226 1810 popu-

113 1841 179 1904 lum
207 1857 367 1902 romanum
392 1841 436 1898 ita
454 1841 659 1899 admiratione
683 1841 852 1918 perculsit,
878 1843 913 1900 ut
932 1841 1009 1900 deus
1025 1842 1225 1900 existimare·

111 1955 167 2015 tur
185 1954 218 2011 et
241 1953 364 2027 statua,
389 1951 478 2008 volut
498 1951 553 2008 alii
577 1951 628 2024 qui
652 1949 735 2026 apud
757 1966 816 2008 vos
836 1950 981 2009 coluntur
1002 1951 1063 2027 dii,
1087 1952 1224 2011 donare-

112 2065 178 2122 tur.
222 2060 424 2137 Quapropter
445 2073 592 2134 rogamus
615 2060 650 2117 ut
675 2060 706 2116 ct
731 2075 853 2118 sacrum
871 2063 1013 2118 senatum
1029 2063 1061 2119 et
1076 2061 1226 2138 populum

113 2173 258 2232 vestrum
281 2187 343 2230 una
366 2169 528 2228 vobiscum
550 2167 643 2226 huius
666 2168 767 2226 nostri
786 2168 938 2245 supplicis
961 2169 1064 2227 libelli
1080 2171 1225 2246 cognito-

112 2299 169 2342 res
185 2279 387 2355 adsciscatis,
411 2279 462 2354 ut,
481 2277 592 2352 siquis
611 2277 652 2334 sit
669 2277 756 2335 illius
776 2277 927 2336 doctrinis
949 2279 1143 2358 implicatus,
1166 2297 1224 2340 ve·

112 2392 213 2452 ritate
229 2390 356 2466 cognita
378 2403 520 2448 errorem
542 2386 681 2463 effugere
702 2387 816 2466 possit.
858 2385 900 2448 Et
914 2389 1066 2466 statuam,
1090 2390 1118 2450 si
1133 2389 1225 2453 vobis

112 2501 236 2582 placet,
259 2499 394 2558 dolicitc.

205 2645 255 2702 57.
276 2641 346 2701 Nun
368 2641 448 2700 enim
468 2639 585 2700 nullam
609 2657 681 2699 esse
704 2639 978 2716 conflagrationem
1001 2643 1041 2701 ad
1062 2643 1226 2721 impiorum

114 2753 305 2832 supplicium
327 2751 420 2828 pravi
444 2751 611 2809 daemones
633 2749 827 2824 persuadere
847 2751 995 2826 possunt,
1025 2753 1226 2828 quemadmo-

114 2865 190 2926 dum
209 2877 311 2937 neque
328 2861 499 2937 potuerunt
519 2875 691 2935 procurare
711 2859 745 2918 ut
765 2855 908 2916 Christus
928 2860 1108 2934 postquam
1126 2863 1226 2921 adve-

114 2974 162 3035 nit
184 2971 317 3047 laterot,
346 2987 455 3028 verum
481 2969 513 3027 id
536 2968 653 3042 solum,
676 2969 710 3026 ut
732 2967 785 3042 qui
804 2969 933 3043 practer
950 2967 1102 3028 rationem
1117 2969 1228 3031 vivunt

115 3086 150 3144 et
167 3082 325 3159 flagitiose
345 3081 376 3138 in
393 3079 501 3157 pravis
517 3077 669 3136 institutis
686 3077 795 3136 nutriti
813 3078 884 3137 sunt
899 3077 930 3134 et
947 3077 1123 3153 opinionum
1139 3096 1227 3140 ama-

115 3193 206 3252 tores
221 3192 293 3250 sunt
309 3190 452 3250 occidant
467 3203 524 3246 nos
542 3189 573 3246 et
589 3185 730 3261 oderint,
753 3187 885 3262 possunt
904 3184 1048 3244 efficere:
1073 3204 1151 3263 quos
1166 3205 1229 3250 non

115 3301 211 3363 modo
230 3291 293 3359 non
316 3301 454 3376 odimus,
476 3297 543 3374 sed,
564 3297 599 3356 ut
621 3293 818 3354 manifestum
834 3296 898 3370 est,
919 3293 1136 3357 misericordia
1152 3297 1229 3359 moti

115 3409 376 3492 persuademus
404 3407 543 3489 cupimus
569 3408 604 3468 ut
635 3405 843 3467 immutentur.
887 3402 957 3464 Non
979 3405 1061 3466 enim
1079 3407 1229 3470 timemus

117 3621 145 3674 et
166 3616 288 3686 populum
312 3627 443 3667 romanum
463 3627 514 3664 una
537 3625 593 3664 cum
611 3611 659 3662 im·
693 3610 711 3664 l.
726 3625 750 3664 a.
767 3625 823 3662 cum
845 3611 960 3665 homines
977 3612 1051 3665 liberi
1073 3613 1167 3667 sintae
1183 3629 1230 3666 sua

115 3707 239 3774 peratore
253 3699 285 3752 de
302 3698 504 3751 Christianorum
526 3709 600 3749 causa
615 3707 659 3746 co·
693 3695 767 3746 bonis
780 3699 807 3747 ct
828 3695 899 3746 malis
916 3701 1033 3749 seruetur
1048 3711 1163 3763 merces,
1182 3697 1229 3748 bc-

116 3793 260 3856 gnosccr‘c,
286 3788 334 3852 „ut
355 3783 378 3836 si
399 3781 455 3850 quis
480 3780 592 3832 Simonis
613 3777 659 3829 do·
694 3780 721 3834 ui
736 3795 768 3831 ex
783 3779 855 3832 malis
867 3779 1043 3846 possuntfieri
1057 3783 1084 3832 et
1097 3779 1127 3831 ab
1141 3792 1230 3831 erroro

41 3873 43 3877 '
116 3871 216 3924 clrioac
242 3869 386 3938 implicatus
404 3867 454 3932 sit,-
475 3863 576 3930 cognita
591 3861 660 3913 ucri·
695 3859 726 3913 ad
741 3861 874 3914 ueritatem
889 3863 1011 3918 converti.
1042 3863 1171 3916 Summam
1184 3877 1231 3914 ne-

20 3967 21 3970 ’
115 3958 171 4008 ute
186 3967 302 4007 errorem
321 3953 433 4018 affugere
450 3944 561 4017 possit.“
597 3945 662 3997 Tam
696 3943 874 3996 cossitudlncm
893 3949 1005 3998 statuere
1025 3947 1090 3998 solet
1108 3947 1231 4016 lustinus,

115 4036 203 4091 addit:
231 4036 341 4104 „Neque
359 4035 426 4087 enim
441 4032 535 4086 nullam
558 4045 615 4084 csse
631 4028 663 4082 ad
695 4031 725 4081 ut
747 4028 827 4080 videri
847 4031 933 4096 potest
952 4045 975 4083 c.
995 4028 1029 4081 28
1045 4034 1071 4081 ct
1088 4028 1137 4098 43,
1163 4029 1232 4086 inter

114 4121 255 4190 impiorum
272 4117 424 4187 supplicium
438 4117 662 4184 conflagrationem
695 4115 839 4167 libertatern
859 4111 968 4166 hominis
990 4117 1017 4167 et
1037 4113 1149 4169 loturum
1166 4112 1232 4169 iudi·

114 4206 190 4277 pravi
206 4204 345 4262 daemones
359 4201 514 4271 persuadere
526 4197 662 4274 possunl,“
697 4199 772 4254 cium.
809 4195 948 4254 Morantur.
