2926 4782
276 1095 316 1167 Ι.
357 1093 431 1167 De
447 1109 603 1167 novae
618 1093 841 1167 editionis
860 1095 1057 1168 ratione.

112 1269 167 1384 S.
185 1312 306 1382 tustini
327 1311 538 1404 Philosophi
566 1322 603 1382 et
626 1312 790 1405 Martyris
813 1335 903 1403 quae
930 1313 1088 1384 feruntur
1104 1309 1223 1405 Opera

109 1441 146 1508 in
163 1441 275 1510 altera
291 1439 358 1508 hoe
372 1440 524 1512 editione
542 1440 696 1533 disposui
715 1440 752 1508 in
769 1439 902 1508 Tomos
923 1447 1012 1510 tres:
1038 1447 1077 1508 ut
1091 1441 1222 1534 primos

109 1565 303 1634 indubitate
325 1565 522 1656 (utramque
537 1567 751 1659 Apologiam
768 1575 802 1634 et
819 1566 1007 1658 Dialogum
1024 1587 1103 1634 cum
1125 1566 1222 1657 Try-

111 1691 271 1784 phone),
296 1691 464 1761 secundus
486 1690 686 1762 addubitata
704 1713 782 1760 cum
798 1691 1001 1782 fragmentis
1018 1690 1223 1782 deperdito·

110 1837 186 1885 rom
218 1817 372 1906 actisque
394 1818 566 1910 martyrii,
603 1818 723 1888 tertius
754 1815 934 1886 subditicio
959 1816 1220 1906 complectatur.

111 1941 295 2012 Caeterum
323 1942 466 2012 easdem
483 1966 556 2012 sunt
581 1953 620 2014 ut
641 1943 678 2012 in
703 1941 813 2036 priori
829 1941 989 2010 *editione
1007 1940 1144 2032 regulus
1162 1963 1222 2010 se-

109 2077 216 2138 cums.
926 2058 930 2062 ’

176 2253 181 2266 ,
209 2194 349 2264 Etenim
375 2193 412 2262 in
435 2201 563 2264 textu
586 2193 647 2283 qui
670 2193 793 2282 dicitur
815 2193 1055 2263 constituendo
1083 2191 1221 2264 codices

110 2341 213 2388 mauu
239 2321 405 2414 scriptos,
433 2329 473 2388 ut
496 2343 560 2412 par
587 2329 657 2407 est,
685 2320 901 2413 potissimum
920 2321 1065 2412 respexi.
1116 2317 1222 2389 Unde

108 2431 237 2519 factum
273 2456 325 2514 est
349 2455 387 2514 ut
413 2467 662 2548 saepenumero
684 2469 705 2514 a
726 2445 908 2542 vscriptura
935 2445 1135 2520 recederem
1156 2467 1222 2536 per

110 2573 325 2665 Stephanum
350 2580 568 2664 propagate,
595 2571 651 2640 cni
668 2571 743 2664 ipse
759 2570 923 2640 Maranus
942 2570 1041 2640 nimis
1058 2569 1221 2678 religiose

109 2699 282 2780 adhaesit3
304 2699 332 2766 is
355 2699 486 2768 scilicet
509 2719 716 2786 quamquam
734 2697 830 2764 hene
851 2697 1043 2788 promeruit
1057 2695 1102 2764 de
1117 2696 1221 2765 lusti-

109 2847 153 2894 no
171 2824 268 2913 quod
287 2827 432 2916 scriptos
455 2823 594 2892 codices
612 2810 775 2908 eontulit,
800 2845 883 2892 raro
904 2829 1040 2910 tamen,
1061 2824 1099 2891 id
1125 2821 1222 2911 qnod

109 2941 252 3021 caeteris
278 2973 416 3040 quoque
442 2950 543 3034 huius
568 2947 677 3016 Patris
697 2947 822 3016 accidit
839 2947 1046 3032 editoribus,
1072 2955 1222 3039 propter

107 3077 324 3146 timiditatem
346 3075 529 3167 quamdam
550 3073 698 3167 proinde
720 3095 760 3142 ac
779 3075 871 3144 certa
888 3072 1047 3166 codicum
1064 3073 1220 3140 testimo·

108 3204 164 3270 nin
179 3201 403 3294 postulabant
422 3203 519 3270 locos
545 3198 955 3291 corruptos'emendaritr
980 3199 1096 3288 itaque
1117 3197 1223 3268 falsas

106 3329 273 3399 lectiones
300 3349 403 3421 saepe
420 3327 457 3396 in
474 3335 569 3396 testu
594 3325 733 3394 retinuit
752 3334 786 3394 et
804 3325 963 3394 meliores
982 3325 1117 3418 ipsique
1134 3347 1222 3418 pro-

106 3454 204 3525 batas
233 3455 269 3522 in
296 3445 553 3522 adnotationem
569 3451 755 3543 relegavit.
806 3448 984 3520 Interdum
1003 3473 1086 3520 vero
1113 3449 1221 3520 desti-

105 3589 197 3647 tutus
215 3578 375 3646 codicum
403 3575 512 3679 manu'
529 3577 734 3668 scriptorum
752 3577 880 3646 auxilio
904 3578 1134 3648 coniecturam
1156 3577 1222 3646 ali·-

106 3727 211 3793 quam
230 3705 300 3771 sive
319 3705 363 3771 ab
388 3705 462 3772 aliis
485 3705 624 3772 allatam
644 3703 750 3770 sivea
772 3723 827 3769 me
845 3703 1092 3794 excogitatam,
1117 3723 1221 3791 quam

106 3833 266 3920 (iliorum
294 3829 454 3897 codicum
479 3837 643 3921 quantum
670 3828 745 3894 fleri
766 3828 882 3919 potuit
908 3830 1033 3919 pressis
1049 3825 1223 3916 vestigiis)

106 3978 171 4048 pro
189 3977 273 4024 vcra
299 3955 451 4022 lectione
465 3954 595 4022 habere
610 3953 748 4037 liceret,
774 3975 846 4022 non
871 3953 1025 4022 dubitavi
1040 3951 1149 4021 textui
1164 3950 1221 4018 in-

15 4065 16 4068 *
106 4105 233 4170 serere.
284 4081 358 4150 Nec
383 4103 462 4150 sane
490 4080 580 4148 ullus
604 4087 792 4174 propterea
815 4077 976 4145 audaciae
996 4101 1052 4150 me
1077 4076 1221 4146 insimu-

105 4209 205 4298 labit,
233 4205 329 4297 qnod
347 4191 532 4278 lectionem
549 4211 668 4298 aperte
686 4203 886 4276 mendosam
903 4199 995 4294 loco,
1018 4225 1120 4296 quem
1136 4227 1220 4298 per·
1316 4248 1323 4265 ·
