2910 4774
558 245 766 310 moneam
798 250 822 311 1.
1067 237 1072 258 ⁵
1175 253 1264 324 aaa

119 413 223 472 manti
235 414 407 492 respiratio
424 419 482 494 est,
500 419 595 494 atque
609 420 688 480 nihil
702 421 788 482 aliud
799 424 937 484 ostendit
951 425 1012 486 nisi
1021 424 1151 488 sormam
1163 447 1238 491 cru·

120 523 182 584 eis.
212 523 275 582 Per
290 527 477 602 prophetam
495 545 619 604 quoque
639 531 685 588 sic
702 531 815 590 dictum
837 535 902 592 est:
930 532 1078 617 Spiritus
1096 533 1239 622 antesu-

121 629 207 694 oiem
222 637 364 698 nostrum
377 633 528 698 Christus
542 633 699 699 dominus.
723 638 825 700 Etiam
839 643 929 718 signa
945 645 1029 720 apud
1045 663 1102 705 vos
1119 648 1239 724 figurae

120 742 219 804 huius
240 745 304 804 vim
329 745 508 824 declarant,
537 749 607 806 dico
634 749 723 824 signa
742 751 932 810 vexillorum
951 756 983 811 et
1004 755 1240 838 trophaeorum,

121 851 310 927 quibuscum
327 873 452 932 semper
472 857 502 913 in
518 858 675 933 publicum
694 861 882 938 proceditis,
907 863 1030 939 imperii
1048 867 1079 923 et
1095 870 1240 942 potesta·
1290 901 1292 908 ·

122 961 324 1041 tisinsignia
337 967 368 1023 in
384 967 423 1024 iis
440 968 686 1045 constituentes,
708 969 783 1028 lieet
796 969 857 1028 hoc
877 985 938 1030 non
955 974 1239 1038 animadvertentes

123 1070 262 1130 faciatis.
308 1073 387 1142 Quin
409 1077 503 1135 etiam
525 1079 722 1137 morientium
746 1081 830 1155 apud
843 1097 901 1140 vos
922 1083 1145 1159 imperatorum
1160 1088 1240 1147 ima·

122 1182 218 1258 gines
235 1183 266 1240 in
286 1181 345 1243 hac
360 1185 461 1262 figura
474 1189 608 1264 ponitis,
632 1191 664 1248 et
681 1205 736 1248 eos
760 1189 863 1248 literis
887 1191 1047 1269 inscriptis
1069 1198 1240 1272 appellatis
1284 1189 1290 1210 ²

125 1291 216 1350 deos.
261 1293 358 1361 Quum
379 1295 476 1371 igitur
498 1299 530 1355 et
551 1299 657 1379 verbis
683 1301 715 1357 et
733 1298 835 1374 ligura
853 1303 1022 1378 conspicua
1038 1322 1113 1382 vos,
1141 1325 1240 1382 quan·
1287 1275 1289 1280 Ι

7 1451 8 1470 ,
124 1403 193 1460 tum
216 1417 401 1482 possumus,
425 1405 582 1464 cohortati
609 1408 719 1485 simus,
746 1412 838 1467 extra
861 1411 983 1487 culpam
1009 1429 1066 1472 nos
1091 1415 1240 1494 deinceps

125 1567 290 1620 coniecturae
307 1570 478 1623 Tertullianus
499 1576 525 1624 et
542 1574 667 1626 blinncius
702 1588 758 1624 rum
774 1574 932 1644 principum,
947 1593 1011 1644 quae
1028 1577 1116 1630 ordine
1132 1580 1240 1636 innexae

124 1651 212 1705 Felix.
248 1653 450 1710 llleeniml.c.
471 1656 539 1724 [coll.
558 1658 666 1724 Apolog.
702 1657 728 1707 in
746 1659 896 1710 militaribus
922 1661 1010 1726 signis.
1047 1662 1100 1715 Nec
1118 1666 1183 1718 enim
1201 1669 1240 1720 vi-

125 1751 150 1790 c.
170 1735 203 1787 ¹6
229 1738 272 1804 (P.
285 1738 311 1806 1)
334 1753 360 1806 p.
378 1739 420 1807 18]
439 1741 488 1792 ait:
514 1743 578 1808 „Sic
593 1743 667 1794 etiam
702 1755 791 1792 vorum
810 1743 891 1794 solum
909 1744 960 1796 illic
982 1743 1079 1811 efligies
1096 1749 1140 1800 sed
1160 1754 1240 1818 magis

124 1823 154 1876 in
176 1824 303 1876 cantabris
323 1829 398 1892 atque
421 1827 584 1895 vexillis,
603 1843 667 1898 quae
704 1829 871 1879 mortuorum.
906 1828 1033 1881 Eusebius
1056 1831 1086 1883 de
1106 1834 1157 1886 vita
1171 1835 1239 1887 Cou-

125 1922 180 1959 non
202 1908 300 1960 minore
322 1909 456 1962 sanctitate
481 1912 667 1964 militiaeusto-
702 1915 779 1966 stant.
792 1913 825 1964 ll.
850 1911 917 1964 clo
938 1911 1058 1966 describit
1076 1915 1166 1970 Licinii
1191 1921 1240 1972 mi-

126 1993 175 2060 dit,
196 1993 298 2060 siphara
313 1993 450 2046 illavestes
463 2011 564 2047 crucum
577 1996 666 2049 sunt.“
701 1995 760 2046 lites
781 1996 806 2046 in
827 2010 936 2062 pugnam
953 2013 1022 2050 more
1044 2001 1174 2064 gentilium
1193 2019 1239 2056 ex-

126 2077 341 2145 Atquehici.c.:
362 2079 666 2147 „Nametsignaipsaet
702 2085 808 2132 euntes:
841 2079 868 2132 oi
892 2078 938 2143 δέ,
965 2082 1063 2151 inquit,
1099 2091 1240 2154 πολυπλη-

13 2213 21 2226 ,,
126 2164 248 2217 cantabra
267 2169 292 2216 et
311 2165 436 2218 vexilla
451 2169 591 2217 castrorum
608 2163 667 2230 quid
702 2166 769 2234 θείᾳ
793 2163 870 2217 θεοῖν
884 2165 1059 2234 θοιῤῥοῦντες
1084 2168 1136 2224 eiu
1152 2171 1239 2244 πολλῇ

126 2247 196 2302 allud
219 2265 292 2316 qnam
309 2251 440 2300 inauratae
456 2263 544 2301 croces
563 2253 622 2300 sunt
642 2252 667 2299 et
702 2247 821 2315 δυνάμει
840 2249 932 2315 χοιρὰς
949 2260 1150 2326 στρατιωτικῆς
1172 2255 1240 2330 ἐπῄ-

125 2333 254 2387 ornataee
274 2333 426 2401 Tropaea
451 2338 535 2384 vestra
555 2333 667 2382 victricia
702 2352 784 2399 εοαο,
803 2336 908 2401 νεκροῖο
925 2335 1026 2389 εἴδωλα
1045 2340 1194 2395 θανόντων
1213 2341 1241 2398 ἐμ

10 2472 25 2496 Γ
126 2432 180 2470 non
205 2421 302 2468 tantum
325 2419 445 2486 simplicis
467 2419 549 2470 crucis
569 2419 667 2479 taciem,
704 2418 826 2488 ἀψύχοις
844 2417 985 2487 ἀγάλμασι
1008 2427 1239 2496 προβεβλημένοι.

127 2519 218 2560 verum
237 2506 264 2554 et
283 2501 358 2554 adfixi
381 2503 489 2554 hominis
506 2501 666 2553 imitantur.“
703 2508 738 2560 Et
755 2507 845 2573 scripsi
870 2507 900 2558 de
929 2509 976 2561 huc
1003 2525 1073 2562 marc
1100 2514 1126 2564 in
1149 2515 1241 2568 lltlttla

16 2635 27 2666 ὦ
127 2587 244 2654 Uterque
260 2587 374 2652 scillcet,
393 2591 422 2638 ut
437 2603 512 2654 supra
525 2585 565 2652 (n.
577 2587 592 2636 t
604 2589 629 2637 et
637 2585 665 2651 3)
703 2595 825 2645 Romana.
856 2591 927 2656 Ergo
948 2595 995 2644 hoe
1018 2596 1130 2648 lustinus
1146 2615 1240 2666 expro-

127 2672 230 2738 ueouui,
258 2675 298 2723 est
321 2672 446 2723 lustinum
470 2676 585 2723 nostrum
609 2669 666 2720 imi·
702 2680 774 2732 brat:
796 2677 1065 2743 Vestinquit)cruces
1079 2682 1169 2748 colitis,
1184 2699 1241 2736 cum

13 2798 28 2834 ¹,
127 2760 208 2810 tatus.
703 2763 883 2829 imperatorum
899 2761 1036 2826 etquidem
1051 2763 1240 2820 divorumima-

179 2842 206 2896 9.
221 2835 391 2905 δεικνύντες]
415 2841 589 2908 Exspectatur
613 2840 667 2891 isr-
704 2847 776 2912 gipes
796 2845 937 2910 proponitis
959 2845 984 2896 in
1003 2847 1082 2897 hastis
1101 2851 1127 2898 et
1142 2850 1240 2902 rexillls

19 2977 29 3002 ,
126 2925 266 2983 audurus.
304 2927 355 2980 Sed
377 2927 437 2979 talia
465 2921 668 2986 truncantem
703 2955 738 2968 -
761 2927 821 2994 quid
843 2929 893 2979 nisi
914 2929 940 2980 in
963 2931 1100 2982 crucibust
1127 2931 1241 2990 Names

19 2999 27 3027 Ψ
128 3015 197 3068 dicta
213 3011 278 3081 apud
295 3027 382 3064 omnes
392 3012 531 3078 scriptores
552 3012 591 3063 vel
602 3013 668 3080 opti·
703 3013 754 3064 illis
771 3011 883 3078 ligura.“

27 3131 28 3139 κ
129 3114 185 3154 mos
207 3096 439 3166 deprehenduntur.
477 3096 565 3164 Comp.
586 3113 607 3150 c.
627 3098 667 3152 ll.
775 3092 1240 3166 tl.druppuppcirou]splburgius

9 3195 32 3266 ‘,
128 3200 155 3239 n.
175 3181 202 3238 3.
704 3179 798 3233 mavult
827 3175 863 3232 δι’
884 3177 1101 3248 ἐπιγραμμάτων
1126 3187 1152 3235 et
1173 3183 1240 3236 Gra-

202 3269 243 3324 10.
256 3261 534 3331 Kal...c'uurttteee]
548 3270 668 3348 Longus:
704 3267 760 3318 hius
784 3263 832 3318 deci
854 3265 1080 3334 διαγραμμάτων.
1112 3269 1179 3320 Nota
1201 3273 1241 3323 est

23 3325 32 3398 's
128 3353 180 3408 Et.
193 3355 415 3420 ..imperatorum
438 3356 568 3420 imopiues
581 3354 670 3422 formu
704 3351 824 3420 loquendi
842 3353 906 3404 ratio
923 3352 988 3420 apud
1007 3351 1119 3408 Graecos
1143 3357 1170 3406 et
1186 3355 1240 3410 Ro·

23 3473 30 3487 ..
128 3442 183 3492 istu
211 3440 380 3491 contrectatis.
418 3439 556 3490 hlaranns:
640 3440 669 3489 in
704 3450 801 3490 manos.
835 3437 934 3490 laudat
954 3438 1074 3489 bleranus
1094 3438 1163 3491 inter
1178 3440 1241 3493 alios

7 3515 29 3570 ἰ
128 3523 328 3592 horrescentem
345 3527 511 3576 consecretis.
543 3522 667 3574 Semisch.
704 3519 867 3573 Plutarchum
884 3523 933 3576 vir.
957 3522 1065 3578 Graoch,
1096 3537 1118 3576 c.
1133 3519 1149 3573 8
1164 3522 1240 3590 (Vite.

130 3607 223 3661 Jacstin
246 3609 293 3660 der
312 3609 426 3674 Mirtyr.
450 3608 479 3659 P.
500 3608 533 3660 ll.
557 3621 583 3673 p.
602 3607 668 3659 214:
705 3603 1007 3676 ed.Schaeler.Vcl.lll)
1026 3622 1051 3674 p.
1067 3605 1134 3658 871:
1154 3607 1242 3672 Popu-

7 3679 26 3744 ’,
130 3693 237 3760 „Sogar
260 3691 301 3744 die
323 3693 488 3759 Bildsiuleu,
510 3691 669 3744 nelcheden
705 3687 744 3740 lus
773 3689 923 3742 hortabatur
950 3692 1079 3744 Tiberium
1100 3689 1242 3742 Gracchum

22 3823 24 3831 ,
129 3777 243 3832 Kaisesa
267 3777 331 3828 nach
353 3777 434 3830 ihrem
453 3776 522 3829 Tode
547 3776 670 3828 errichtet
705 3770 755 3826 otu
774 3773 946 3843 γραμμάτων
1018 3771 1047 3828 ἐν
1070 3779 1168 3835 στοαῖς
1194 3774 1242 3832 nui

7 3895 33 3928 ,μ
128 3861 250 3923 werden,
269 3861 351 3914 haben
366 3862 406 3914 die
423 3862 501 3916 Fcrm
520 3861 565 3913 des
584 3862 669 3914 Kreu-
706 3859 812 3925 τοίχοις
824 3858 871 3912 aut
886 3855 1013 3926 μνήμασι
1025 3856 1242 3926 καταγραφομέ-

11 3951 32 3993 ’-
129 3945 205 4002 ues.“
222 3946 299 4001 lllele,
324 3946 395 4000 Scite
410 3944 590 3998 adn'ertit-id
602 3943 670 4012 quod
705 3961 777 4006 νων,
798 3948 873 4012 atque
891 3944 1039 3996 Ciceronem
1054 3945 1119 3998 Phil.
1135 3944 1200 3996 lllll.
1217 3959 1240 3997 c.

128 4043 220 4086 omnes
235 4031 326 4084 tustini
343 4030 454 4082 editores
467 4031 670 4097 lugit-lustus
707 4028 740 4080 12
760 4028 839 4096 (Opp.
867 4027 907 4080 cd.
932 4028 1010 4080 tirell.
1034 4029 1089 4083 Vol.
1108 4029 1141 4082 ll.
1166 4029 1196 4080 P.
1212 4027 1241 4094 2)

22 4161 36 4197 ,ἡ
127 4115 235 4185 Lipsius
254 4115 299 4183 (de
316 4130 393 4166 eruce
406 4114 449 4169 lib.
468 4115 522 4168 l.c.
540 4115 565 4168 9.
585 4113 669 4180 not.):
705 4127 731 4181 p,
744 4110 812 4163 607:
833 4111 1001 4180 „Incisaeque
1019 4113 1125 4180 literae,
1144 4111 1242 4166 divinae

7 4254 11 4278 Γ
36 4236 37 4260 ,
129 4199 296 4270 „intelligere
317 4213 375 4252 eum
395 4199 517 4264 imagines
538 4199 670 4252 defuneto·
706 4197 806 4252 unalis
821 4201 902 4253 testes
918 4197 1117 4267 sempiternae.“
