2910 4774
544 234 752 301 nronoom
783 239 807 301 l.
1170 237 1247 307 161'

116 415 268 475 tationem
292 414 332 474 ad
357 411 522 474 imitandas
551 431 606 473 res
633 415 696 473 tam
717 413 903 491 praeolaras
929 388 1070 494 suscipit.
1113 417 1231 477 Postea

116 525 335 601 consurgimus
360 525 562 583 communiter
585 540 691 582 omnes
708 525 740 582 et
762 541 875 601 praees
894 526 1071 585 emittimus.
1115 527 1232 605 Atque,

116 637 153 694 ut
170 636 231 694 iam
248 635 398 711 diximus,
419 635 473 694 ubi
490 635 639 694 desiimus
655 627 798 712 precari,
820 635 912 712 panis
927 635 1058 694 affertur
1077 637 1110 694 et
1126 637 1232 696 vinum

116 748 151 804 et
171 762 269 821 aqua,
298 747 330 804 et
353 744 405 820 qui
428 745 557 820 praeest
577 761 689 820 preoes
712 745 832 821 pariter
856 751 888 804 et
901 745 1072 821 gratiarnm
1090 746 1231 805 actiones

115 872 177 932 pro
194 855 314 914 viribus
339 871 461 914 sursum
485 852 596 932 mittit,
620 857 652 913 et
668 854 804 931 populus
822 853 926 914 fauste
943 855 1094 921 acclamat
1111 851 1230 917 Amen:

117 967 274 1024 eteorum
291 964 322 1022 iu
340 963 453 1039 quibus
469 965 592 1038 gratiae
615 967 705 1023 antae
730 965 801 1023 sunt
830 964 1009 1022 distributio
1031 979 1068 1022 ao
1092 974 1231 1024 eommn⁴

114 1075 234 1134 nioatio
257 1075 292 1132 iit
316 1074 480 1148 uuicuique
499 1075 712 1149 praesentium
734 1076 766 1132 et
789 1074 972 1132 absentibus
997 1089 1055 1150 por
1080 1075 1233 1133 diaconos¹

116 1185 261 1244 mittitur.
306 1183 362 1250 Qui
389 1183 547 1242 abundant
573 1185 606 1242 et
627 1184 738 1242 volunt
762 1199 821 1259 pro
847 1183 980 1241 arbitrio
1012 1183 1143 1259 quisque
1171 1199 1229 1243 suo

117 1295 203 1370 quod
224 1295 325 1354 visum
346 1295 395 1351 est
416 1293 608 1370 largiuntur,
636 1295 668 1351 et
695 1293 778 1368 qnod
801 1291 963 1369 colligitur
985 1295 1069 1370 aprud
1091 1311 1160 1354 eum
1178 1294 1230 1370 qui

116 1407 247 1482 praeest
275 1404 460 1480 deponitur,
483 1406 515 1462 et
535 1403 610 1480 ipse
628 1403 775 1462 subvenit
796 1403 926 1478 pupillis
946 1421 983 1462 ae
999 1403 1118 1481 viduis,
1142 1407 1174 1463 et
1190 1405 1228 1464 iis

118 1516 173 1590 qui
194 1515 248 1572 vel
272 1515 312 1572 ob
337 1514 478 1572 morbum
498 1513 551 1572 vel
576 1513 669 1572 aliam
686 1512 726 1570 ob
749 1529 874 1570 eausam
890 1515 1000 1588 egent,
1026 1513 1111 1570 etiis
1128 1513 1229 1588 quiin

117 1625 251 1684 vinealis
265 1626 352 1701 sunt,
375 1626 407 1682 et
423 1621 661 1682 advenientibus
677 1638 813 1698 peregre
832 1621 1028 1697 hospitibus,
1049 1638 1110 1681 uno
1128 1623 1228 1682 verbo
1255 1659 1259 1666 -

117 1735 250 1794 omnium
274 1733 477 1810 indigentium
502 1749 607 1792 euram
634 1731 774 1808 snsoIpit.
819 1731 878 1790 Die
910 1733 1013 1790 antem
1039 1731 1117 1790 solis
1141 1747 1232 1790 oom—

116 1845 252 1904 muniter
274 1860 379 1903 omnes
397 1842 615 1918 convenimus,
635 1843 699 1900 tum
718 1841 789 1915 quia
807 1841 834 1899 is
853 1841 971 1916 primus
993 1841 1060 1898 dios
1076 1843 1142 1916 est,
1166 1857 1227 1916 quo

116 1957 214 2032 dens,
234 1971 330 2030 vquum
346 1954 495 2012 tenebras
511 1955 544 2011 et
567 1952 729 2010 materiam
746 1951 914 2025 vertisset,
937 1951 1081 2008 mundum
1099 1950 1227 2028 oreavit,

116 2069 182 2126 tum
205 2065 277 2140 quia
300 2063 389 2122 Iesus
412 2061 555 2121 Christus
580 2061 723 2120 salvator
746 2063 855 2118 noster
876 2059 986 2117 eodem
1013 2058 1063 2117 die
1086 2075 1126 2117 en
1140 2075 1228 2118 mor·

116 2177 181 2235 tuis
200 2174 393 2249 resurrexit3
417 2173 520 2249 pridie
538 2172 618 2230 enim
637 2169 763 2230 Saturni
780 2186 849 2228 eum
875 2168 1096 2226 erucifixerunt
1114 2170 1146 2226 et
1167 2184 1228 2246 po·
1287 2216 1290 2221 .

117 2285 231 2345 stridie
248 2284 387 2343 eiusdem
406 2283 478 2360 diei,
501 2281 562 2341 boe
582 2284 631 2340 est
651 2281 728 2340 solis
746 2280 806 2356 die,
829 2278 984 2355 apostolis
1002 2279 1067 2337 suis
1084 2279 1116 2336 et
1130 2277 1228 2338 disei-

116 2395 203 2475 pnlis
228 2395 314 2454 visus
336 2411 374 2452 ea
397 2393 503 2453 docuit
525 2409 604 2469 qnae
628 2391 719 2452 vobis
742 2405 865 2468 qnoque
883 2389 1111 2450 eousiderauda
1126 2391 1228 2452 tradi·

118 2503 230 2564 dimus.

117 2709 203 2780 λόγου
218 2703 271 2767 οὖν
289 2709 336 2766 nal
357 2707 500 2782 σχήματος
512 2713 565 2767 τοῦ
585 2731 656 2781 mna·
691 2712 730 2765 dis
742 2710 940 2778 humandisque,
965 2712 991 2762 et
1009 2710 1094 2778 pueris'
1111 2726 1139 2764 ac
1153 2710 1227 2780 puel·

117 2797 255 2866 νομένοιι,
276 2791 327 2866 ὅση
343 2797 472 2866 δύναμις,
492 2796 653 2866 naperpapot·
690 2799 722 2850 lis
738 2814 767 2850 ro
784 2813 812 2849 ac
832 2795 978 2862 parentibus
998 2793 1142 2860 destitutis,
1163 2797 1227 2848 iam-

119 2902 211 2954 μενοι.
240 2883 306 2937 Dial.
332 2900 354 2938 o.
373 2885 417 2938 Tr.
440 2901 462 2936 r.
481 2884 531 2936 80:
549 2879 587 2945 ὥς
604 2881 656 2938 δύ·
692 2899 740 2952 que
756 2880 900 2934 domesticis
913 2879 1032 2945 senibus,
1051 2879 1111 2930 item
1124 2879 1227 2930 nauita-

118 2971 204 3036 eapte
221 2988 286 3038 μου.
322 2969 395 3022 Adde
412 2969 544 3022 formulam
563 2969 657 3021 euclra-
692 2968 740 3034 gis,
759 2966 822 3018 etsi
838 2963 921 3032 quiin
937 2963 1044 3014 metallis
1060 2965 1086 3014 et
1103 2963 1126 3014 si
1141 2963 1182 3030 qni
1200 2962 1227 3014 in

117 3056 232 3109 risticam
258 3057 284 3108 in
302 3055 422 3109 Constitt.
444 3057 525 3122 apost.
542 3053 610 3107 lllll.
632 3069 655 3108 o.
691 3051 781 3104 insulis
795 3049 833 3102 vel
849 3049 875 3100 in
891 3046 1027 3114 custodiis,
1055 3046 1177 3098 duntaxat
1195 3061 1228 3100 en

120 3141 155 3194 ta
173 3141 279 3208 ebriam,
300 3141 325 3192 in
341 3155 389 3208 qua
404 3139 466 3190 haec
485 3131 499 3189 ὁ
516 3136 658 3204 προεστώς
693 3151 780 3189 caussa
797 3133 836 3186 dei
852 3137 953 3202 sectae,
979 3132 1072 3185 alumni
1087 3131 1227 3182 confessio·

118 3230 240 3296 perorat:
269 3221 499 3292 Εὕχαριστοῦμέιι
521 3239 581 3286 σοι,
606 3221 656 3279 θεὲ
692 3219 732 3272 uis
748 3227 808 3272 suae
826 3216 919 3270 fiunt.“

119 3307 330 3412 aoptpupeirop,
349 3304 400 3376 οὐχ
415 3303 483 3362 ὅσον
500 3301 658 3378 ὀφείλομεν,
761 3345 803 3398 10.
827 3341 886 3413 Τήν
900 3340 931 3398 δὲ
951 3343 1003 3396 τοῦ
1023 3335 1103 3412 ἡλίου
1121 3335 1228 3410 ἡμέραν

118 3400 169 3452 ‘²²²
197 3414 264 3471 ⁰⁰⁹⁹
278 3393 437 3478 revenere.
693 3423 1228 3497 ...dusarenonnmnwamnunncn-

188 3524 214 3578 9.
237 3523 272 3578 ot
292 3520 658 3588 εὖποροῦντες...γίνεται]
692 3517 758 3568 itote
775 3516 948 3584 Arcbdotopie
965 3531 990 3585 p.
1009 3513 1068 3568 156.
1088 3529 1114 3567 n.
1134 3515 1158 3566 1.

121 3611 294 3664 Tertullianus
311 3610 420 3677 Apolog.
445 3605 658 3675 e.39:‚,n1ont-
763 3643 804 3696 ll·
824 3640 941 3710 τρέψας]
972 3644 1001 3698 c·
1019 3641 1061 3696 59·
1088 3637 1176 3709 1²9²·
1198 3635 1227 3688 c,

120 3709 175 3792 Ψ
204 3695 389 3790 ῃῃυεῳίεςυθ,
408 3694 500 3790 stim'
527 3696 659 3745 menstrua
693 3725 862 3796 στρέψαντα.
895 3727 990 3780 Nostro
1010 3727 1066 3778 loco
1089 3722 1227 3775 mutatione

121 3777 178 3846 dre,
196 3779 237 3850 rel
252 3794 326 3846 quum
341 3777 411 3845 velit,
430 3783 456 3830 et
471 3777 580 3830 simodo
598 3792 658 3846 pos·
693 3812 763 3879 (vide
780 3813 798 3866 l·
817 3829 839 3864 c·
856 3827 882 3865 n·
899 3811 930 3875 2)
946 3825 997 3864 non
1014 3823 1077 3878 opus
1092 3811 1141 3860 est·
1176 3805 1228 3859 As.

119 3866 163 3931 sit,
182 3863 301 3948 apponit:
321 3877 377 3914 nram
394 3875 468 3915 nemo
491 3862 660 3929 compellitur,
691 3897 804 3950 senum
822 3894 976 3962 Trouopius·

120 3947 166 4002 sed
187 3951 278 4016 sponte
291 3949 401 4002 coniert.
436 3947 506 4000 llaec
524 3945 595 4014 quasi
613 3944 658 3997 de-

120 4033 204 4103 posita
222 4032 324 4100 pietatis
344 4034 413 4084 suni.
448 4029 512 4084 Nam
535 4029 593 4082 inde
607 4043 659 4082 non
763 4025 804 4078 12.
823 4018 877 4088 ape*
899 4019 950 4087 τῆς
971 4016 1115 4084 mortaria]
1141 4015 1180 4070 (ti.
1196 4015 1230 4069 li·

120 4117 203 4185 epulis
219 4132 266 4168 neo
284 4115 409 4184 potaculis
428 4130 475 4168 neo
490 4113 597 4182 ingratis
613 4126 658 4163 vo·
692 4109 766 4162 hrum
789 4123 872 4162 meum
893 4105 931 4158 De
951 4101 1042 4156 lustini
1063 4101 1140 4156 Mart.
1165 4099 1231 4154 sori·

121 4201 227 4256 ratrinis
241 4200 411 4268 dispensatur,
428 4199 474 4254 sed
486 4197 573 4266 egenis
588 4195 659 4250 alon·
693 4194 745 4264 ptis
755 4197 790 4268 ¹et
802 4191 883 4246 doctr.
901 4205 928 4261 p.
947 4187 1007 4244 163.
1024 4199 1051 4238 ιι.
1065 4184 1110 4241 20.

166 4295 233 4363 nl.
255 4295 290 4357 P.
306 4295 331 4356 1.
897 4345 898 4348 ,
999 4280 1063 4340 ’11
1119 4349 1120 4352 ¹
