2910 4774
548 258 755 322 APOLOGIA
777 261 814 320 112
1173 263 1232 326 177

122 431 204 508 quae
227 430 370 510 ignorat,
400 431 521 492 seilicet
544 430 656 490 atheos
679 433 710 490 et
729 432 841 510 impios
864 449 936 496 esse
956 432 1167 514 Christianos,
1192 438 1233 497 ad

122 543 258 619 gratiam
280 543 312 600 et
331 543 526 619 voluptatem
552 541 738 618 plebeculae
763 543 915 620 deceptae
933 545 1012 604 haee
1034 565 1231 606 asseverans.

123 651 158 710 Si
175 657 264 728 enim,
286 653 364 712 lieet
380 653 540 712 doctrinas
558 651 674 710 Christi
698 656 763 712 non‘
772 653 897 730 legerit,
920 673 977 714 nos
996 659 1154 734 exagitat,
1174 675 1233 716 ne-

122 746 290 838 quissimus
307 765 356 821 est
372 763 521 844 aemulto¹
536 763 677 822 deterior
691 763 867 824 hominihus
882 766 1044 841 imperitis,
1068 768 1119 842 qui
1135 785 1232 844 saepe

122 875 237 930 eavent
257 890 296 932 ne
321 873 360 932 de
384 872 480 930 nehus
503 889 580 948 quas
603 873 750 949 ignorant
774 875 942 949 loquantur
959 879 991 933 et
1007 875 1120 934 falsum
1137 879 1232 936 testi-

121 982 256 1050 monium
271 983 393 1058 dieant3
417 985 470 1041 aut
487 983 531 1059 si,
555 983 630 1040 lieet
646 983 779 1060 legerit,
802 1001 859 1042 nos
879 985 1037 1061 exagitat,
1060 1002 1119 1044 non
1136 987 1232 1045 intel·

120 1091 202 1150 lenit
217 1093 341 1154 illarum
358 1093 568 1152 doctrinarum
584 1093 779 1152 maiestatem
790 1139 797 1170 ,
808 1147 810 1152 .
821 1096 875 1152 aut
891 1095 918 1152 si
933 1095 1107 1172 intellexit,
1130 1097 1174 1154 ita
1196 1113 1231 1156 se

121 1202 207 1280 gerit
222 1219 261 1260 ne
276 1204 377 1279 ipsum
392 1201 601 1262 Christianum
617 1219 688 1262 esse
704 1203 845 1262 homines
860 1206 1074 1281 suspieentur,
1097 1224 1134 1265 ae
1150 1208 1232 1266 mul·

121 1314 156 1370 to
178 1313 276 1388 magis
295 1313 435 1371 abiectus
451 1315 501 1370 est
516 1315 547 1370 et
562 1313 735 1391 pessimus,
760 1315 874 1390 quippe
892 1315 944 1390 qui
959 1317 1107 1391 populari
1126 1318 1157 1374 et
1173 1317 1232 1375 ab·

122 1423 220 1482 surda
235 1423 380 1499 opinione
399 1425 430 1480 et
445 1426 528 1482 metu
545 1425 723 1500 superetur.
756 1422 878 1482 Etenim
895 1425 976 1483 seire
991 1443 1048 1484 vos
1064 1428 1157 1486 velim
1174 1445 1232 1504 me,

123 1549 217 1608 quum
240 1531 406 1590 nonnullas
424 1533 454 1591 ei
475 1534 741 1609 interrogationes
761 1535 912 1604 eiusmodi
929 1537 1174 1613 proposuissem,
1199 1541 1232 1598 et

122 1643 272 1702 didicisse
288 1643 320 1698 et
342 1643 474 1701 evicisse
494 1661 563 1702 eum
586 1659 699 1702 revera
720 1643 798 1702 nihil
816 1644 906 1702 seire.
949 1643 1055 1719 Atque
1073 1649 1106 1706 ut
1123 1665 1232 1708 verum

121 1768 172 1810 me
194 1752 299 1810 dicere
320 1755 445 1829 pateat,
466 1756 595 1830 paratus
618 1771 700 1830 sum,
723 1753 752 1811 si
775 1753 1003 1829 disputationes
1020 1756 1094 1814 illae
1113 1757 1153 1815 ad
1173 1774 1231 1816 vos

122 1862 268 1938 perlatae
287 1879 349 1922 non
375 1867 456 1940 sunt,
480 1865 573 1922 etiam
592 1863 700 1922 'eoram
725 1863 816 1922 vohis
834 1863 1097 1938 interrogationes
1119 1867 1232 1926 iterum

121 1989 320 2050 proponere:
343 1975 463 2050 regium
486 1973 631 2050 proseoto
646 1973 706 2032 hoo
721 1989 844 2048 quoque
865 1990 944 2050 opus
962 1973 1066 2032 fuerit.
1112 1975 1165 2034 Sin
1191 1977 1232 2036 ad

123 2100 218 2142 aures
234 2086 359 2143 vestras
373 2087 587 2160 pervenerunt
602 2085 633 2142 et
648 2085 912 2160 interrogationes
927 2101 1013 2142 meae
1030 2087 1060 2142 et
1076 2085 1161 2144 illius
1175 2103 1232 2144 re-

123 2210 259 2270 spousa,
288 2195 488 2276 perspicuum
512 2194 603 2253 vobis
626 2195 676 2252 est
699 2193 778 2251 nihil
795 2210 865 2252 eum
887 2195 967 2252 seire
984 2211 1088 2254 rerum
1103 2199 1231 2256 nostra·

122 2321 208 2378 rum,
231 2305 301 2380 aut,
322 2304 350 2362 si
373 2305 432 2364 seit
455 2306 596 2380 quidem,
632 2303 822 2362 audientium
843 2319 920 2362 vero
938 2305 1020 2363 metu
1042 2305 1147 2380 eloqui
1169 2322 1232 2364 non

89 2399 93 2410 ¹
123 2415 220 2474 audet
243 2415 282 2474 ad
304 2415 479 2492 exemplum
504 2413 662 2490 SooratiS,
692 2414 807 2474 utiam
833 2414 915 2491 dixi,
939 2432 1001 2472 non
1022 2415 1231 2492 philosophus

124 2525 183 2586 sed
214 2525 391 2604 opinionum
416 2524 536 2583 amator
563 2523 827 2602 deprehenditur,
856 2525 908 2600 qui
933 2543 1008 2585 sane
1033 2526 1231 2603 praeolarum

123 2765 214 2830 pareat
236 2755 281 2814 ὅτι
306 2756 417 2814 oridia
437 2779 460 2814 τ.
479 2753 526 2830 ἡμ.
545 2757 661 2814 ἐπίστω·
696 2762 794 2832 prohat.
833 2759 885 2814 Sed
909 2759 970 2813 illud
993 2765 1063 2814 reete
1089 2777 1117 2814 se
1137 2761 1231 2828 hahet;

123 2864 179 2898 ται.
216 2845 279 2898 Nam
300 2847 362 2899 haee
383 2848 520 2916 pendente
536 2845 662 2914 φανερὸν
696 2863 754 2898 nam
771 2847 824 2898 vult
841 2846 952 2898 lustinus
972 2845 1071 2897 dicere:
1091 2846 1148 2897 Non
1166 2845 1232 2913 quod

123 2925 192 2998 ipa
218 2928 308 2994 ἐστιν,
336 2932 379 2984 illa
398 2933 428 2984 ab
453 2930 584 2986 infinitivis
605 2951 661 2999 μα·
699 2931 818 2982 Socrates
832 2930 893 2982 feeit
916 2931 999 2984 iacere
1018 2945 1093 2982 ausus
1110 2932 1150 2982 est
1167 2927 1231 2980 Cne-

123 3021 190 3070 θεῖν
203 3016 251 3070 uel
265 3013 380 3084 ἐλέγξαι.
402 3018 440 3072 Cf.
456 3018 530 3086 Apol.
544 3019 565 3072 l.
586 3035 607 3072 o.
619 3017 661 3072 26.
698 3029 781 3068 soenS.

123 3117 150 3158 n.
170 3101 214 3156 31.
843 3137 850 3158 ‘
945 3139 951 3160 ‘
1074 3142 1100 3156 ··
1181 3141 1207 3154 ”

145 3274 151 3287 ,
258 3182 413 3254 βω]

113 3289 212 3341 parm,
244 3273 399 3370 excellens,
422 3273 468 3325 sed
486 3291 596 3372 ratperto
620 3277 661 3328 dr·
698 3311 802 3378 (sanem
820 3314 846 3364 in
871 3313 1019 3380 Apologps)
1038 3305 1076 3373 ὥς
1094 3308 1234 3378 πρότερον
1275 3353 1281 3362 ,

123 3373 221 3425 prium,
240 3359 372 3408 maiestate
389 3362 575 3426 imperatoriae
599 3376 662 3412 coo·
699 3393 781 3464 pm·
813 3398 916 3452 001]οη
938 3397 969 3450 ,d
987 3397 1064 3451 (ἰωή.
1084 3413 1106 3451 0·
1123 3397 1170 3450 at:
1196 3390 1234 3460 ὣς

124 3444 243 3495 venians.
698 3482 747 3538 ael
764 3479 902 3552 πρότερον
917 3481 998 3550 ἔφην·

197 3527 239 3581 13.
261 3526 318 3580 τῶν
340 3519 493 3594 ἡμετέρων]
520 3525 619 3578 Desunt
637 3526 663 3578 in

125 3616 192 3681 Reg.
215 3618 241 3676 et
262 3613 347 3679 Clam,
374 3611 438 3679 apud
454 3613 611 3678 Stephanum
638 3615 665 3664 et
735 3650 737 3654 -
778 3611 819 3668 17.
846 3609 1010 3679 φιλόδοξος]
1046 3609 1143 3663 ldeirco
1168 3610 1235 3662 enim

127 3699 275 3753 Thirlbium.
314 3695 366 3750 Sed
388 3697 437 3748 iam
458 3697 609 3764 Sylburgius
633 3711 665 3748 en
700 3693 852 3764 φιλόδοξος
875 3703 981 3750 uocatur
1004 3697 1147 3760 Crescens,
1177 3696 1235 3762 quia

126 3783 240 3839 Eusebio
257 3782 381 3851 reposuit.
699 3783 832 3833 ueritatem
853 3781 999 3848 praedicare
1019 3793 1070 3830 non
1092 3778 1182 3843 anaclet,
1207 3792 1236 3830 ae

699 3865 756 3932 plus
770 3866 912 3918 hominibus
932 3865 1023 3917 tribuit
1037 3878 1110 3930 quam
1124 3861 1234 3914 veritati.

700 3947 778 4000 Paulo
802 3953 860 4000 ante
882 3949 1012 4002 dicebatur·
1032 3946 1175 4014 ἰδιωτικῆς
1188 3943 1237 3998 nul

701 4029 806 4099 datrae
823 4028 907 4101 δόξης
925 4034 972 4087 aul
989 4029 1085 4102 φόβου
1106 4028 1236 4085 ἐλάττων.

206 4122 247 4179 15.
277 4117 384 4189 ὁμοίως
411 4115 567 4188 Σωκράτει]
609 4118 668 4173 Non
701 4117 840 4172 Mororum.
870 4119 1032 4187 Legasquae
1049 4116 1236 4186 dixiadhpol.

129 4210 244 4276 agnoseit
258 4209 395 4277 Eusebius,
414 4208 439 4260 id
457 4206 522 4276 quod
539 4206 668 4259 Tluirlbius
702 4204 722 4256 l.
742 4220 763 4256 e.
780 4203 822 4257 57.
843 4219 869 4258 n.
885 4201 910 4258 6.

172 4307 205 4366 Τ.
218 4305 241 4366 l.
264 4306 299 4368 P.
313 4304 335 4365 1.
1031 4303 1070 4360 12

200 3909 241 3966 14.
260 3909 320 3976 uel]
346 3911 405 3964 Non
426 3913 510 3964 exstat
527 3889 592 3976 opud
610 3906 665 3960 Eu-

128 3997 234 4051 sehium.
