2910 4774
538 219 747 282 Aronooln
778 221 807 282 1.·
852 170 856 176 Α
1165 220 1228 287 199

112 396 212 472 igitur
228 394 417 472 prophetica
434 393 534 454 verba
552 389 643 469 qaum
660 391 855 454 audivissent
870 395 1048 474 daemones,
1072 395 1227 457 Bacchum

112 505 262 566 dixerunt
288 503 373 564 Iovis
399 503 496 563 filium
520 519 609 580 esse,
635 505 667 562 et
689 503 884 563 inventorem
900 505 976 564 vitis
993 523 1065 566 esse
1083 506 1227 566 tradide-

110 617 203 692 runt,
236 617 269 674 et
295 617 416 674 asinum
438 615 470 672 in
494 615 562 673 eius
587 613 747 694 mysteriis
769 616 949 692 numerant,
987 619 1019 674 et
1044 617 1227 678 dilaniatum

111 741 183 786 eum
206 725 409 784 adscendisse
426 725 457 782 in
472 723 593 783 coelum
612 724 795 782 docuerunt.
839 721 880 782 Et
899 724 972 800 quia
987 725 1018 782 in
1034 725 1132 785 Mosis
1148 743 1227 804 pro-

110 835 224 912 phetia
247 835 411 912 expressis
434 835 543 893 verbis
568 834 735 892 indicatum
754 849 816 892 non
840 836 925 910 erat,
951 837 1054 894 utrum
1076 839 1226 898 venturus

111 944 170 1004 ille
186 944 271 1004 filius
288 945 340 1004 dei
359 945 463 1020 esset,
486 946 518 1001 et
533 945 635 1003 utrum
653 943 742 1020 pullo
760 943 899 1002 insidens
915 944 946 1002 in
961 947 1049 1004 terra
1062 945 1227 1008 mansuros

111 1069 154 1112 an
178 1053 210 1110 in
232 1053 355 1110 coelum
379 1053 587 1112 adscensurus
610 1057 714 1130 esset,
735 1053 849 1112 deinde
873 1054 946 1130 quia
964 1055 1044 1130 pulli
1065 1072 1177 1114 nomen
1194 1059 1228 1116 et

111 1162 195 1224 asini
210 1161 331 1238 pullum
346 1163 378 1220 et
393 1163 465 1237 equi
481 1162 649 1238 designare
666 1164 811 1238 poterat,
834 1144 1011 1223 nescientes
1027 1166 1130 1224 utrum
1146 1165 1227 1224 asini

111 1288 154 1330 an
177 1271 251 1346 equi
275 1271 396 1348 pullum
418 1271 445 1329 is
468 1271 521 1346 qui
543 1273 825 1348 praenuntiabatur
852 1273 973 1350 signum
994 1275 1149 1334 adventus
1178 1275 1227 1336 sui

111 1382 265 1441 ducturus
290 1381 349 1456 sit,
375 1381 469 1456 atque
485 1383 588 1440 utrum
608 1382 675 1456 dei,
697 1383 733 1442 ut
747 1383 897 1459 diximus,
919 1401 958 1442 an
977 1383 1111 1462 nominis
1130 1380 1172 1444 sit
1187 1385 1227 1446 fi·

109 1491 192 1550 lius:
217 1491 320 1567 ipsum
346 1507 468 1564 quoque
490 1490 770 1567 Bellerophontem
794 1508 875 1566 equo
900 1492 1041 1568 Pegaso,
1070 1493 1227 1554 hominem

111 1618 155 1660 ex
170 1600 347 1660 hominibus
362 1601 483 1675 natum,
508 1601 539 1658 in
561 1601 681 1660 coelum
702 1601 904 1660 adscendisse
921 1601 1077 1660 dixerunt.
1124 1601 1226 1661 Porro

111 1727 209 1788 quum
223 1710 304 1770 illud
320 1709 609 1786 audivissentquod
626 1711 665 1769 ab
682 1710 745 1769 alio
761 1710 919 1786 propheta
930 1709 1226 1786 Iesaiadiotumest,

112 1868 339 1951 staporpr'pcoow,
359 1877 420 1950 ου’χὶ
439 1881 490 1951 τήν
506 1885 654 1950 προλελιγ-
688 1887 773 1936 tamen
785 1883 921 1935 lectionum
940 1883 1007 1935 nulla
1020 1883 1074 1934 viro
1089 1881 1163 1934 docto
1183 1897 1225 1934 sa·

111 1968 203 2038 μένην
219 1963 277 2023 dud
296 1967 472 2028 Μωυσέως..
483 2005 489 2018 .
499 1969 655 2036 accoeperi-
688 1967 792 2022 tissacit.
813 1969 966 2034 TrollopinS,
985 1966 1029 2018 sed
1043 1977 1148 2034 prorsus
1163 1981 1226 2018 con-

112 2073 151 2108 αν
166 2054 347 2121 μεμιμῆσθαι
362 2051 451 2106 αὐτόν
463 2055 536 2115 ναοῖς
688 2055 729 2104 tra
751 2053 959 2105 consuetudinem
981 2051 1089 2118 Iustini,
1118 2051 1227 2104 coniecit

186 2141 227 2193 19.
249 2133 460 2207 ἀναγράφουσι]
493 2141 596 2206 Longus
616 2139 654 2192 le·
690 2129 771 2204 ἅγιον
787 2131 842 2200 ἕξει
859 2133 1009 2204 σύμβολον.

112 2226 152 2293 git
168 2220 324 2292 deciperant,
342 2224 472 2276 dnn-lotus
491 2219 654 2290 α’ναφὲρου·
759 2219 800 2273 16,
821 2223 869 2272 καὶ
885 2217 959 2283 etde]
993 2219 1134 2272 attollent
1149 2235 1225 2288 posse

112 2325 156 2374 σι,
176 2311 333 2364 sinecausa.
364 2309 514 2362 InDial.c.
534 2309 577 2362 Tr.
595 2309 611 2364 l.
630 2326 652 2363 c.
689 2305 789 2358 ridetur
813 2305 875 2356 hoec
898 2303 983 2356 lectio.
1021 2305 1050 2356 si
1073 2306 1130 2374 quis
1151 2305 1226 2358 aliter

112 2395 230 2447 lustin-us
246 2391 423 2466 παραφέρειν
436 2393 576 2462 usurpavit.
688 2391 797 2456 sentiat,
828 2389 851 2442 ei
873 2389 945 2440 facile
961 2390 1015 2458 erit
1036 2390 1149 2444 scribere
1175 2390 1225 2446 aar

195 2479 236 2534 18.
264 2481 331 2545 rite]
363 2481 459 2536 Braun.
489 2483 516 2531 et
540 2479 653 2546 Trollop.
689 2471 801 2536 εἰνὶὁς.
830 2472 971 2528 lirirlbiars.

112 2579 251 2633 perperam
274 2565 303 2619 εἴ
312 2583 342 2620 τε
356 2565 434 2618 divise
457 2564 590 2618 dederunt.
608 2565 654 2618 lllc
760 2561 801 2614 17.
822 2553 859 2621 ὥς
874 2556 1050 2626 cpos'pppec]
1086 2560 1223 2616 01.ι.21.

111 2645 181 2702 inira
201 2665 311 2719 queque.
389 2636 391 2643 '
688 2661 714 2714 p.
730 2644 774 2699 67.
792 2645 823 2698 B.

187 2733 229 2787 14.
251 2731 296 2786 ἐπὶ
312 2735 363 2803 γῆς
379 2735 458 2802 μενεῖ
472 2737 537 2797 etc]
557 2733 655 2791 Horum
758 2729 800 2783 18.
830 2725 859 2793 ἐξ
883 2724 1056 2799 ἀνθρώπων]
1091 2731 1172 2797 Volgo
1195 2726 1225 2795 ἐξ

112 2819 654 2872 verborumisrideturessesensus:Cum
690 2810 861 2880 ddcdccdccc,
893 2815 980 2881 utique
1008 2819 1097 2866 contra
1128 2829 1225 2868 morem

111 2905 248 2958 nescirent
267 2909 354 2957 utrum
376 2905 423 2956 lnce
446 2903 526 2971 pullo
540 2902 580 2968 is,
613 2901 655 2968 qui
689 2899 789 2966 lustini,
809 2899 849 2950 'cui
863 2897 983 2950 solemnis
998 2903 1038 2951 est
1053 2896 1159 2952 termula
1175 2899 1225 2952 ista

111 2989 353 3059 praenuntiabatur,
372 2989 398 3040 in
412 2989 488 3040 terris
502 3002 594 3039 usurus
612 3002 654 3038 es·
691 2977 775 3047 ἅνθρ.
801 2980 829 3046 ἐξ
849 2979 1022 3047 ἀνθρώπων.
1054 2983 1092 3036 Cf.
1109 2999 1132 3036 e.
1149 2999 1173 3050 g.
1200 3001 1223 3039 c.

111 3079 156 3130 set
172 3090 205 3126 an
221 3075 248 3126 iu
271 3074 369 3126 coelum
385 3072 561 3139 ascendendo,
580 3073 655 3124 aber·
690 3067 721 3117 21
739 3067 817 3134 (honr
830 3067 1027 3134 insopcr'lecum
1041 3067 1081 3119 hic
1095 3068 1224 3140 respicit),

112 3162 238 3213 rarerunt
269 3160 299 3212 ab
327 3158 422 3210 oraculi
452 3157 594 3224 sententia3
630 3158 655 3206 et
689 3153 755 3206 Dial.
777 3168 799 3206 c.
815 3153 859 3206 Tr.
888 3150 1224 3221 saepesaepe),

113 3243 183 3313 qnod
206 3244 332 3312 propheta
356 3243 386 3294 dc
406 3242 508 3294 Christo
527 3240 606 3292 adlrnc
628 3239 659 3290 in'
690 3253 712 3291 c.
729 3237 772 3290 49.
797 3251 822 3304 p.
838 3235 898 3291 268.
913 3237 953 3304 A,
979 3252 1001 3290 c.
1022 3236 1064 3290 54.
1083 3251 1109 3304 p.
1121 3234 1181 3288 274.
1190 3237 1224 3304 A,

111 3331 194 3382 terris
214 3333 332 3380 manente
351 3326 528 3395 praedixerat,
548 3323 573 3375 id
594 3323 655 3374 Bel·
690 3335 712 3374 c.
730 3319 773 3374 67.
796 3336 821 3388 p.
833 3322 897 3376 991.
915 3323 948 3390 B,
964 3338 986 3376 c.
1004 3320 1047 3376 76.
1067 3337 1093 3390 p.
1111 3321 1172 3386 301.
1190 3322 1223 3376 B.

111 3413 262 3482 lerophonti
284 3413 311 3465 in
330 3412 428 3464 coelum
448 3407 594 3462 ascendenti
606 3407 655 3458 tri·
689 3406 867 3475 Adstiprdatur
887 3408 947 3459 milri
965 3407 1118 3475 Trollopius.
1152 3405 1225 3459 Lite-

112 3499 236 3551 bucrunt.
272 3497 411 3550 Maroneo.
689 3507 735 3544 rae
761 3496 844 3544 autem
865 3510 901 3544 co
923 3497 950 3546 et
974 3509 1014 3544 ων
1043 3503 1226 3560 saepenumero

178 3581 221 3636 15
238 3575 315 3648 ἄγων
330 3581 418 3644 ocor]
429 3581 480 3632 Pro
499 3571 567 3642 ἄξει.
593 3577 656 3628 Vol·
689 3578 855 3630 immutantur
871 3593 884 3629 a
899 3578 1018 3642 librariis,
1036 3575 1062 3628 id
1076 3574 1143 3642 qnod
1159 3573 1225 3626 mul·

112 3681 148 3735 go
172 3666 257 3718 locum
283 3667 348 3720 male
374 3665 548 3719 reddiderunt.
587 3663 655 3715 Nos·
689 3663 724 3714 tis
746 3657 868 3730 exemplis
882 3661 980 3720 firmari
1001 3659 1033 3713 ad
1045 3659 1113 3712 liial
1138 3673 1160 3712 c.
1179 3657 1223 3709 lr.

115 3753 177 3820 „Ob
193 3751 241 3804 der
258 3749 421 3804 Verkundetc
436 3749 481 3800 mit
496 3748 550 3799 sich
565 3747 657 3798 iiihrcn
692 3761 715 3800 c.
738 3744 796 3800 106

113 3837 202 3891 werde
220 3837 257 3888 als
274 3837 385 3888 Zciclreu
403 3835 489 3886 seincr
504 3831 658 3898 Gegenwart
762 3829 803 3884 19
823 3823 873 3882 dcci
894 3829 946 3882 cori
967 3821 1054 3880 ἄλλον
1075 3840 1163 3890 προφ
1176 3787 1225 3874 ’H-

9 3925 11 3942 '
113 3921 161 3974 das
184 3921 279 3974 Firllen
298 3921 370 3973 einer
390 3917 480 3970 Eselin
503 3916 565 3970 oder
587 3917 657 3968 eines
691 3911 788 3977 cotton]
823 3914 857 3968 Η.
875 3929 898 3968 c.
929 3912 972 3982 (nt
988 3912 1027 3964 vir
1047 3907 1147 3962 articuli
1168 3909 1226 3958 ante
1259 3911 1261 3914 ’

114 4006 246 4061 Rosses.“
272 4006 332 4058 Vult
346 3994 516 4058 Thirlbius⁹
495 4018 572 4070 ηκων
587 3992 656 4067 ἥξει,
692 3992 779 4052 ditos
794 3995 976 4064 cognoscatur)
999 3995 1070 4047 cuius
1086 3992 1134 4043 iam
1150 4003 1228 4057 snpra

114 4095 157 4148 rel
176 4095 219 4162 (in
235 4090 319 4158 Add.)
339 4081 489 4156 ἅγωνῆξιι
505 4083 656 4154 σύμβολον,
692 4100 714 4137 c.
741 4081 776 4136 88
804 4084 970 4134 memoratum
1001 4081 1040 4133 cst
1065 4073 1226 4158 vaticinium:

114 4181 158 4235 rel
179 4173 259 4244 ἄγων
282 4172 338 4240 ἕξει
360 4169 522 4242 σύμβολον..
546 4171 657 4238 Quorum
692 4169 743 4222 les.
759 4164 785 4240 7,
803 4165 843 4239 14.

160 4270 328 4338 r.1.r.r.
971 4233 974 4240 '
1008 4222 1042 4317 'a
1072 4220 1076 4230 ’
