2900 4776
236 263 280 328 98
543 253 689 319 IUSTINI
710 249 814 314 PffiL.
834 247 885 312 ΕΤ
908 247 1030 311 MART.

237 429 312 497 όσον
333 425 381 494 ἐπ’
405 425 525 502 αότοῖς,
554 421 610 506 τήν
623 447 653 488 τε
675 426 730 486 τοῦ
753 415 866 502 πατρός
888 413 1012 482 πάντων
1035 414 1086 480 καλ
1107 407 1254 480 δεσπότου
1270 412 1348 478 θεοῦ
1431 443 1432 474 i

237 541 288 606 καλ
311 537 367 620 τὴν
385 532 479 604 αῦτοῦ
499 539 553 600 τοῦ
570 537 703 618 Χριστοῦ
718 533 855 608 ἐξουσίαν
872 535 982 611 φυγεῖν
1002 529 1181 610 πειρῶνται,
1204 525 1256 586 καὶ
1282 521 1348 598 6τίς

238 651 281 726 είς
306 647 464 732 μετάνοιαν
492 652 576 712 καλεῖ
597 640 712 718 πάντας
729 638 748 706 6
761 637 834 714 θεός
857 639 930 722 πρὶν
954 639 1055 702 ἐλθεῖν
1078 632 1134 716 τήν
1155 631 1273 717 ήμέριιν
1293 637 1349 714 τῆς

237 763 369 846 κρίσετος.
413 759 561 840 Εῖρηνται
575 753 607 818 δέ
629 749 743 826 οὕτως·
764 745 948 831 7Μακάριος
968 743 1045 830 άνήρ
1068 741 1101 820 δς
1120 740 1177 808 οόκ
1193 743 1348 825 ἐπορεύθη
1431 729 1432 804 ff

239 872 272 937 ἐν
293 875 390 955 βουλή
404 864 522 950 άσεβοῖν
539 865 588 930 καί
612 865 646 928 ἐν
667 859 730 948 όδηῖ
749 857 933 942 άμαρτοιλιῖν
948 854 1003 922 οῦκ
1024 859 1093 936 ἐστη
1116 857 1165 934 καί
1185 857 1242 920 ἐπί
1255 855 1380 920 καθά-Β

239 983 314 1064 δραν
334 983 447 1060 λοιμιῦν
466 972 523 1041 οῦκ
543 973 700 1049 ἐκάθισεν,
720 966 812 1050 άλλ’ή
828 969 860 1034 ἐν
885 973 929 1056 κρῖ
948 965 1032 1054 νόμῳ
1056 969 1162 1049 κυρίου
1182 963 1215 1030 τό
1229 966 1350 1045 θέλημα
1431 1055 1432 1058 ¹

239 1086 345 1172 αὐτοῦ,
368 1089 417 1152 καί
433 1090 465 1151 ἐν
480 1089 523 1170 κρῖ
544 1079 628 1168 νόμῳ
650 1078 744 1145 αὐτοῦ
767 1072 914 1161 μελετήσει
932 1075 1045 1161 ήμέρας
1065 1079 1115 1141 καλ
1135 1073 1252 1150 νυκτός.
1288 1075 1349 1138 Καί
1431 1079 1432 1116 3

240 1200 322 1264 ἔσται
339 1196 381 1272 τός
394 1195 426 1261 τό
443 1195 533 1272 ξύλον
549 1189 583 1256 τό
600 1191 824 1272 πεφυτευμένον
843 1185 924 1270 παρά
946 1188 1000 1264 τάς
1015 1183 1166 1264 διεξόδους
1189 1190 1252 1249 τοῖν
1272 1182 1350 1248 όδά-

239 1331 317 1384 των,
346 1303 437 1370 δτδν
459 1300 576 1386 καρπόν
597 1298 692 1365 αὐτοῦ
715 1299 804 1364 διόσει
824 1300 857 1364 ἐν
879 1304 974 1386 καιρρῖ
1002 1294 1096 1360 αὐτοῦ
1104 1345 1114 1374 ,
1143 1297 1191 1360 καῖ
1215 1297 1249 1361 τό
1274 1295 1349 1374 φόλ·

240 1422 294 1481 λον
308 1410 401 1479 αὐτοῦ
422 1410 477 1478 οόκ
500 1407 735 1496 άπορβυήσεται,
757 1410 806 1474 καὶ
824 1408 923 1474 πάντα
947 1403 1005 1472 ὅσα
1025 1402 1064 1471 όν
1085 1412 1158 1493 ποιῇ
1182 1408 1350 1470 κατεοοδιο·

240 1519 377 1606 θήσεται.
423 1519 486 1605 Οόχ
502 1523 600 1597 οὕτως
621 1525 651 1587 οῖ
670 1517 804 1603 άσεβεῖς,
824 1516 879 1602 οόχ
904 1515 1017 1597 οὕτως,
1039 1512 1099 1581 άλλ’
1121 1514 1141 1598 ή
1161 1513 1231 1580 ιδσεί
1246 1521 1350 1598 χνοῦς,

241 1631 278 1701 δυ
299 1637 425 1718 ἐκρίπτει
440 1632 458 1699 ό
472 1631 580 1715 άνεμος
593 1627 651 1696 άπδ
673 1627 838 1714 προσώπου
861 1633 915 1710 τῆς
929 1633 998 1712 γῆς·
1019 1624 1069 1691 διά
1091 1631 1180 1690 τοῦτο
1204 1621 1261 1690 οόκ
1277 1624 1350 1688 άυα-
1431 1611 1432 1630 ³

241 1743 398 1827 στήσονται
420 1741 537 1825 άσεβεῖς
560 1744 592 1808 ἐν
618 1743 709 1822 κρίσει
735 1735 806 1804 οόδέ
836 1737 1004 1822 άμαρτοιλοῖ
1033 1723 1072 1802 ἐνΙ
1092 1741 1189 1823 βουλῇ
1214 1739 1349 1812 δικαίων,

240 1854 288 1920 ὅτι
307 1854 444 1938 γινώσκει
472 1850 576 1935 κύριος
594 1849 668 1916 όδδν
695 1853 837 1928 δικαίων,
866 1849 916 1912 καί
944 1844 1016 1922 όδός
1035 1841 1155 1928 άσεβοῖν
1184 1841 1385 1913 άπσλεῖται.0
1431 1855 1432 1926 Q

231 1960 299 2029 Ἵνα
320 1967 349 2028 τί
370 1957 523 2046 ἐφρύαξαν
546 1963 632 2042 ἐθνη,
654 1961 704 2026 καὶ
723 1961 789 2024 λαοί
809 1957 1013 2040 ἐμελέτησαν8
1021 1957 1126 2036 καινάς
1151 1958 1350 2041 Παρέστησαν

242 2077 274 2138 οῖ
293 2077 425 2156 βασιλεῖς
445 2077 498 2153 τῆς
518 2076 589 2155 γῆς,
610 2072 716 2136 καλ
685 2095 714 2136 οι
737 2069 877 2154 ἄρχοντες
901 2065 1122 2148 9συνήχθησαν
1148 2068 1247 2132 ἐπι
1217 2093 1250 2132 το
1275 2063 1350 2132 αῦτό

241 2183 317 2248 κατά
342 2188 396 2246 τοῦ
417 2185 524 2264 κυρίου
539 2173 589 2244 καί
603 2177 678 2245 κατά
694 2205 747 2244 του
735 2183 896 2262 Χριστοῦ
920 2173 1023 2254 αότοῦ,
1040 2179 1194 2308 λέγοντες·
1214 2177 1351 2261 Διαῤῥὴ-
1431 2225 1432 2234 ,

243 2296 338 2372 ξοομεν
357 2288 428 2366 τοῦς
450 2289 576 2371 δεσμοὺς
597 2285 699 2354 αότιῦν
719 2292 769 2355 καί
792 2283 1049 2374 άπορρίψοιμεν’
1029 2282 1082 2366 αφ’
1103 2283 1192 2368 ήμσῖν
1218 2285 1334 2351 τόνυ
1296 2290 1351 2362 ζυ-

243 2398 299 2486 γδν
317 2396 426 2464 αῦττδν.
459 2397 660 2466 Ὀκατοικοῖυ
684 2401 716 2464 ἐν
738 2397 880 2484 οὐρανοῖς
906 2393 1088 2481 ἐκγελάσεται
1113 2393 1241 2471 αὐτούς,
1261 2397 1312 2460 καί
1332 2394 1352 2461 6

244 2509 348 2592 κόριος
361 2504 599 2592 ἐκμυκτηριεῖ’
559 2506 687 2586 αυτοός·
706 2509 772 2574 τότε
786 2504 905 2590 λαλήσει
925 2505 1001 2592 πρός
1021 2503 1133 2582 αότοός
1151 2503 1217 2572 ἐν’
1199 2512 1275 2594 οργῇ
1296 2502 1353 2570 αό-
1431 2591 1432 2594 ¹

245 2623 317 2696 τοῦ,
339 2621 390 2683 καῖ
412 2620 445 2684 ἐν
464 2644 506 2707 τῳ
529 2623 621 2706 θυμῳ
638 2615 732 2682 αότου
719 2615 865 2701 ταράξει
881 2613 1002 2693 αὐτούς.
1028 2614 1102 2700 Ἐγιδ
1117 2617 1149 2681 δέ
1163 2612 1432 2698 κατεστάθηνΙ)

244 2725 457 2812 βασιλεδςυπ’
480 2726 638 2795 αὖτουέπι
654 2726 827 2813 Σιοδνόρος
845 2727 878 2794 τό
894 2724 979 2812 όίγιον
995 2722 1105 2804 αότοῦ,
1125 2728 1303 2810 διαγγέλλων
1318 2753 1352 2792 το

244 2837 418 2924 πρόσταγμα
433 2843 548 2922 κυρίου.
577 2839 691 2923 Κύριος
706 2835 923 2922 εἶπεπρδςμί·
955 2833 1026 2912 ιός
1041 2833 1193 2918 μουεῖ’
1155 2858 1203 2916 συ,
1225 2834 1281 2920 ἐγοό
1299 2831 1354 2918 σή·

245 2973 335 3032 μερον
357 2946 516 3034 γεγέννηκά
538 2969 579 3013 σε.
617 2948 748 3029 Αῖτησαι
771 2946 939 3030 παρ’ἐμοῦ,
963 2973 1012 3011 και
1003 2945 1116 3011 ’δοόσιο
1138 2966 1184 3011 σοι
1200 2945 1332 3027 ἐθνη
1296 2972 1356 3028 την
1431 2915 1432 2992 ό

244 3064 445 3142 κληρονομίαν
458 3078 522 3136 σου,
544 3059 594 3122 καί
609 3056 666 3140 τήν
681 3053 856 3140 κατάσχεσίν
875 3078 930 3122 σου
945 3083 982 3120 τα
971 3058 1162 3140 ι’πέρατα
1124 3082 1178 3139 της
1192 3063 1265 3140 γῆς·
1287 3082 1355 3120 ποι-

246 3177 350 3250 μανεῖς
373 3163 484 3242 αάτοός
510 3169 542 3232 ἐν
564 3165 667 3256 ῥάβδῳ
691 3170 814 3254 σιδηροῖ,
837 3163 879 3242 τός
902 3163 993 3249 σκεόη
1014 3169 1161 3249 κεραμέως
1181 3170 1356 3249 συντρίψεις

247 3272 368 3350 αότοός.
397 3277 456 3340 Καὶ
470 3281 528 3340 νῦν
542 3280 674 3360 βασιλεῖς
688 3277 808 3354 σόνετε,
829 3274 1011 3357 παιδεόθητε
1034 3277 1143 3352 πάντες
1157 3279 1188 3342 σί
1201 3279 1356 3358 κρίνοντες
1431 3279 1432 3332 ι

226 3381 304 3466 ’τήν
325 3389 396 3468 γῆν.
430 3383 618 3450 Δουλεόσατε
642 3391 686 3474 τρῖ
705 3390 798 3474 κυρίῳ
823 3387 856 3452 ἐν
877 3385 985 3473 φόβῳ,
1008 3387 1059 3450 καὶ
1075 3382 1254 3470 άγαλλιῦσθε
1269 3383 1391 3475 αότρῖΕ

248 3495 283 3560 ἐν
306 3494 415 3582 τρόμῳ.
449 3491 610 3578 Δράξασθε
620 3497 770 3574 παιδείας,
790 3491 833 3578 μή
849 3519 920 3560 ποτε
935 3492 1064 3584 όργισθῇ
1080 3497 1193 3580 κόριος,
1214 3499 1264 3562 καὶ
1279 3493 1356 3562 άπο·

248 3609 350 3669 λεῖσθε
369 3605 399 3681 ἐξ
426 3600 501 3668 όδοῦ
520 3607 650 3682 δικαίας,
677 3600 751 3668 όταν
771 3607 906 3692 ἐκκαυθῇ
926 3607 959 3670 ἐν
984 3603 1064 3689 τάχει
1086 3604 1106 3672 6
1126 3605 1227 3688 θυμός
1248 3603 1357 3672 αότοῦ.

249 3709 407 3798 Μακάριοι
421 3709 531 3791 πάντες
550 3708 581 3779 οί
598 3711 777 3790 πεποιθότες
797 3711 846 3780 ἐπ’
869 3714 973 3780 αὐτόν.

282 3875 284 3879 ,
336 3832 388 3890 61.
410 3825 472 3888 Καὶ
491 3819 583 3890 πάλιν
600 3819 636 3889 δι’
662 3821 750 3908 άλλης
767 3827 950 3911 προφητείας
973 3819 1090 3908 μηυόον
1111 3822 1145 3892 τό
1167 3824 1357 3912 προφητικόν

319 4035 346 4090 6,
365 4029 414 4099 ῦς]
432 4034 532 4089 Forsan
547 4035 617 4102 παῖς,
630 4041 660 4091 ut
674 4039 701 4091 in
714 4052 783 4091 eom·
817 4037 912 4092 Pselm.
929 4039 941 4090 1
956 4041 983 4092 et
997 4037 1024 4092 2.

251 4120 335 4175 πιλίὶι
350 4119 567 4181 antecedentibus.
584 4123 678 4176 Parum
693 4123 782 4176 refert.
887 4121 913 4178 8.
937 4119 1034 4186 καινοί]
1062 4121 1157 4176 Omnes
1178 4120 1290 4176 editores
1305 4125 1358 4192 legi

328 4204 354 4260 7.
380 4201 578 4272 Μακάριος..
595 4245 602 4260 .
619 4201 660 4262 ἐπ’
682 4202 783 4271 αῦτόν]
818 4202 995 4263 voluntateri.
1031 4207 1114 4274 Quum
1130 4221 1189 4262 vere
1207 4207 1283 4262 eriam
1298 4212 1358 4261 οοιο
1431 4235 1432 4286 η

1431 4295 1432 4326 λ

1431 4343 1432 4370 λ
