2910 4774
553 260 763 330 APOLO'GIA
788 263 812 327 i.
1131 257 1134 262 ’
1177 261 1238 333 iil

125 445 262 506 relatum
278 443 344 519 est,
368 455 407 501 eo
421 442 584 518 tempere,
606 457 698 517 quum
713 427 880 500 Israelitae
896 455 937 500 ex
952 426 1101 520 Aegypto
1116 435 1242 503 exirent

124 557 160 615 et
184 555 216 613 io
241 553 412 614 solitudine
430 552 655 626 versarentur,
686 550 862 610 occurrisse
887 551 926 610 iis
947 553 1121 618 venenatas
1144 551 1242 630 ieros,

124 665 257 742 viperas
280 665 313 720 et
337 663 467 740 aspides
492 664 525 719 et
548 663 728 737 serpentum
746 675 835 719 omne
852 675 970 737 genus,
992 661 1076 736 quod
1091 661 1242 738 populum

125 770 275 832 secabat:
299 789 336 831 ae
354 772 464 832 Mosen
482 771 543 830 deo
558 770 741 847 adspirante
758 771 790 828 et
808 769 989 846 impellente
1002 787 1057 830 aes
1079 771 1243 847 accepisse

126 883 161 942 et
176 881 299 958 signum
315 882 416 941 crucis
440 879 574 957 iecisse,
597 879 689 954 idque
708 880 818 938 sancto
833 879 1037 940 tabernaculo
1054 881 1243 957 imposuisse

126 994 162 1052 et
185 990 305 1068 populo
321 989 458 1050 dixisse:
483 985 522 1051 Si
534 985 746 1070 inspexeritis
760 985 820 1050 iaec
832 985 957 1070 sigeum
976 989 1007 1051 et
1024 985 1243 1065 credideritis,

127 1097 213 1164 sotei
237 1097 272 1161 ire
293 1119 330 1162 eo
357 1094 460 1161 eritis.
505 1099 572 1168 Quo
596 1098 680 1157 iacto
700 1101 867 1176 serpentes
881 1101 1054 1160 exstinctos
1071 1115 1143 1160 esse
1161 1101 1244 1160 scri·

127 1211 211 1290 psit,
242 1227 280 1269 ec
304 1209 455 1286 populum
476 1207 538 1268 boe
561 1208 654 1267 modo
677 1191 805 1267 exitium
830 1209 979 1286 effugisse
1003 1210 1144 1269 tradidit.
1187 1207 1244 1270 liis

127 1321 222 1384 lectis
242 1319 336 1379 Plato
360 1335 418 1377 nee
441 1319 520 1377 satis
545 1320 691 1378 accurate
713 1319 912 1396 perspectis,
934 1337 1026 1396 quum
1057 1335 1118 1378 nen
1139 1321 1245 1379 atten-

129 1430 223 1490 deret
239 1430 360 1506 signum
376 1445 448 1488 esse
465 1429 567 1488 erucis
584 1429 642 1488 sed
659 1429 909 1488 decussationem
928 1445 999 1488 esse
1015 1431 1152 1507 putaret,
1176 1446 1245 1490 eam

130 1556 211 1616 quae
226 1541 300 1615 post
313 1539 485 1615 principem
500 1540 590 1598 deum
608 1540 657 1598 est
671 1538 819 1597 virtutem
835 1537 867 1596 in
883 1537 1030 1596 universo
1047 1539 1245 1598 decussatum

131 1665 205 1710 esse
224 1649 312 1708 dixit.
357 1647 446 1716 Quod
461 1650 630 1724 praeterea
646 1649 728 1708 idem
750 1648 876 1706 tertium
894 1647 984 1722 dicit,
1007 1647 1099 1704 etiam
1118 1663 1137 1706 a
1155 1647 1245 1706 Mose

131 1761 289 1819 mutuatus
306 1757 402 1834 dixit,
424 1759 508 1832 quod
528 1759 673 1834 spiritum
691 1759 742 1816 dei
758 1757 841 1832 apud
856 1756 983 1832 Mosen,
1002 1757 1036 1814 ut
1050 1772 1146 1832 supra
1159 1757 1245 1816 dixi-

129 1885 217 1945 mus,
245 1884 341 1944 euper
366 1883 465 1942 aquas
491 1867 570 1926 ferri
593 1867 727 1944 legerat.
773 1866 946 1924 Secundum
970 1865 1049 1924 enim
1072 1865 1174 1924 locum
1193 1867 1246 1926 dei

130 1978 226 2054 logo,
253 1993 342 2052 quem
367 1977 398 2034 in
419 1977 568 2036 universo
590 1977 788 2035 decussatum
813 1992 885 2034 esse
908 1975 1004 2050 dixit,
1026 1976 1153 2034 tertium
1166 1993 1246 2037 vero

132 2088 164 2148 ei
184 2087 239 2168 qui
260 2103 357 2162 super
380 2103 478 2162 aquas
495 2085 573 2144 ferri
590 2085 692 2144 dictus
715 2088 764 2144 est
785 2085 911 2163 spiritui
930 2085 1056 2160 tribuit,
1084 2085 1245 2162 inquiens:

137 2192 252 2260 Tertia
272 2197 380 2258 eutem
397 2193 483 2258 eirca
499 2191 637 2258 tertium.
679 2195 839 2264 Quomodo
852 2198 955 2256 autem
970 2194 1247 2272 conflagrationem

131 2405 172 2475 τῷ
192 2407 219 2457 in
232 2407 353 2457 contextu
369 2401 459 2455 lustini
478 2401 509 2454 ad
526 2402 674 2472 πιστεύηττ
709 2407 773 2458 etc..
795 2403 877 2470 Quum
890 2418 951 2456 vero
962 2403 1023 2458 iliud
1038 2397 1178 2475 diverseris
1188 2409 1248 2462 ebs·

130 2491 278 2546 retulerint.
302 2487 426 2556 Equidem
443 2487 674 2553 interpunctionem
709 2504 758 2556 que
773 2505 832 2541 casu
844 2491 986 2541 accusativo
1000 2489 1074 2542 :rimis
1096 2491 1185 2546 durum
1203 2494 1248 2563 sit,

131 2577 160 2630 iu
179 2574 306 2628 codicibus
330 2573 402 2625 mstis
426 2573 452 2622 et
476 2571 549 2622 editis
577 2572 674 2624 obviam
709 2575 844 2642 praeposui
872 2565 898 2636 oi,
920 2573 1117 2641 quodfacileob
1135 2593 1248 2646 sequen-

131 2662 203 2715 nolui
226 2661 268 2712 hic
292 2662 399 2711 mutare.
434 2655 513 2709 Multa
532 2655 558 2706 in
577 2660 674 2708 utram·
708 2665 760 2713 tem
776 2661 874 2712 literam
891 2653 1127 2728 etinoivopvorici
1146 2665 1249 2730 poterat

132 2760 183 2813 que
205 2748 304 2812 partem
328 2745 434 2811 possent
455 2739 513 2792 dici.
548 2740 586 2794 Cl.
606 2742 672 2794 Diei.
710 2745 849 2798 absorberi.
887 2745 988 2796 Primus
1006 2745 1070 2796 hanc
1089 2747 1247 2798 emendatio-

134 2846 158 2884 σ.
182 2829 226 2883 Tr.
255 2829 272 2882 l.
300 2827 340 2897 (n.
362 2827 393 2895 t)
419 2840 457 2878 c.:
489 2821 533 2876 ieri
561 2830 675 2892 σημεῖον
710 2845 767 2880 nem
785 2827 912 2880 Tirirlbius
933 2827 1131 2880 commendavit:
1149 2831 1249 2897 recepit

132 2911 245 2981 ἔστησε,
273 2907 312 2966 δι’
336 2901 372 2964 ori
396 2907 511 2976 σημείου
536 2905 671 2974 ἐσώζοντο
708 2911 971 2982 quoquelrollopius.
998 2911 1034 2964 At
1048 2912 1136 2965 critico
1151 2913 1247 2966 calculo

133 2997 162 3053 oi
180 2995 359 3066 ὅφιὸδηκτοι.
391 2993 488 3048 ibidem
509 2993 583 3061 paulo
598 2999 672 3062 post:
707 2993 810 3063 indigna
824 3001 864 3049 est
878 2996 957 3049 altera
971 2996 1076 3049 Tiriribii
1090 2995 1247 3050 emendatio:

107 3073 110 3078 Ι
133 3085 277 3154 σωτηρίαν
308 3080 338 3136 di
363 3081 412 3148 (sc.
438 3074 586 3147 ἐκήρυσσε)
613 3083 674 3142 τοῖς
710 3077 1013 3148 ...stereometriam
1030 3075 1068 3142 οἷς
1085 3075 1248 3148 upeedpiro'-

132 3165 317 3226 πιστεὺοοσιυ
348 3163 394 3219 ἰπὶ
418 3165 521 3217 τοῦτον
549 3161 600 3218 τόυ
625 3161 674 3218 dmi
709 3183 813 3236 eopse,
833 3161 972 3234 οἶοαγυούς
997 3167 1047 3219 lit.
1066 3168 1133 3220 etc..

133 3257 188 3310 τοῦ
208 3253 325 3322 σημείου
343 3247 464 3314 τούτου,
483 3251 610 3306 τουτέστι
623 3254 675 3306 τοῦ

881 3291 887 3314 t
934 3290 941 3310 ἱ
1025 3295 1038 3310 u
1105 3287 1112 3308 1
1138 3289 1146 3310 Q

133 3341 278 3408 σταυροῦ,
295 3338 498 3392 θανατοῦσθαι
512 3335 655 3404 μέλλοντα.
779 3294 804 3349 7‘
833 3297 891 3348 ΚΜ
910 3312 941 3346 ω
965 3292 1053 3347 ‘lm
1076 3310 1165 3345 “vm
1185 3292 1248 3360 τρί’

710 3385 773 3445 του]
793 3381 888 3434 Grebio
903 3380 943 3431 bic
962 3377 1065 3446 aliquod
1081 3377 1186 3431 verbum
1202 3379 1249 3432 de·

205 3465 232 3519 6.
252 3457 344 3526 orirer
357 3458 532 3529 crepidem.
555 3457 586 3516 “A
603 3458 676 3517 οὐα-
712 3483 769 3520 esse
784 3464 892 3517 videtur.
910 3463 1032 3514 Merenus
1049 3463 1168 3532 supplet:
1186 3466 1250 3519 inde

135 3547 223 3620 prode
241 3555 305 3613 eto]
335 3548 414 3602 codd.
435 3549 509 3616 meti,
540 3550 677 3617 stephan,
712 3553 798 3602 ortum
826 3553 921 3617 estt-
943 3547 1103 3617 Trollepius:
1131 3545 1248 3616 μάθετε.

138 3637 271 3705 Splburg,
289 3635 404 3688 Tlrirlb.:
462 3629 600 3686 deicerer.
621 3625 678 3687 oi·
712 3635 743 3686 ln
759 3636 843 3686 mente
859 3633 947 3684 habuit
964 3633 1079 3684 lustinus
1094 3633 1160 3684 lmud
1175 3632 1250 3686 dubie

137 3737 194 3781 τως
212 3719 377 3787 παρέδωκεν
392 3714 534 3786 αὐαγοοΰς
549 3721 599 3772 lli.
617 3721 677 3783 ete,
712 3718 844 3770 formulam
866 3715 939 3767 initio
962 3714 1051 3780 eapitis
1070 3715 1144 3767 huius
1165 3716 1211 3784 (ct.
1224 3731 1248 3772 c.

138 3806 230 3875 quibus
246 3805 273 3856 in
290 3805 373 3857 verbis
389 3804 507 3858 Davisius
523 3819 570 3874 pro
588 3796 679 3863 οὕτως
712 3802 756 3856 44.
787 3798 882 3869 p.·8l.
909 3796 947 3863 E)
976 3801 1138 3864 usurpatam:
1171 3797 1251 3868 παρὰ

137 3890 246 3943 rescribi
272 3887 325 3941 ruit
347 3889 444 3942 τοῦτο.
487 3889 567 3954 Quam
593 3886 679 3956 recepi
713 3878 968 3952 Mmoes'mrtepieir
984 3875 1090 3947 ὁμοίως
1105 3878 1190 3936 εἶπεν.

137 3971 371 4040 interpunctionem
399 3973 510 4027 Gratius
548 3971 678 4037 excogita·
782 3969 808 4026 8.
834 3963 873 4031 oie
895 3967 1079 4035 προείπομεν]
1106 3965 1135 4022 c.
1158 3967 1202 4019 59.
1223 3982 1250 4037 p.

138 4057 192 4125 uit;
209 4056 289 4110 edidit
310 4056 378 4108 enim
402 4058 450 4122 (sio
474 4057 549 4110 etiam
570 4057 679 4119 tiaram,
714 4055 757 4109 92.
775 4055 808 4108 D.

139 4141 316 4207 Thalemenn,
345 4140 474 4210 Braun.):
550 4135 680 4192 θάνατον
723 4163 726 4168 ’
765 4131 846 4193 erat
862 4131 893 4191 dt
907 4131 1065 4204 epicuraei
1080 4128 1251 4201 τὸντρὶτοο]

140 4216 233 4288 eirea
261 4221 432 4294 παρέδωκεν.
460 4218 601 4292 eirrpredr
628 4224 680 4278 tlt.
714 4221 763 4278 list
784 4220 1030 4277 Pseudo-Plutonis
1053 4220 1138 4292 Epist.
1159 4221 1250 4291 11.·p.
