2910 4774
527 254 736 318 APOLOGIA
756 255 794 317 11.
905 299 907 304 -
1182 259 1242 324 179

127 427 210 490 illud
227 427 367 488 Socratis
390 427 505 488 dictum
519 428 643 488 minime
659 429 826 490 observat:
851 425 919 492 sed
931 427 1009 514 plns
1032 429 1162 494 honoris
1180 452 1242 496 aron

128 539 181 602 est
195 529 376 600 leobendrim
391 533 511 598 honrim‘
525 556 618 620 quom
633 536 777 600 ceritati.
819 539 937 600 Verum
954 540 1071 618 Cynico
1087 545 1241 620 integrum

127 667 192 710 nou
212 651 271 726 est,
297 649 389 708 finem
407 649 547 708 ultimum
563 649 593 706 in
612 649 824 710 indifferentia
843 651 1060 730 constituenti,
1082 654 1169 714 aliud
1181 655 1242 714 bo-

127 779 201 821 num
218 776 313 820 nosse
330 761 460 836 praeter
478 757 727 818 indifferentiam.

120 949 122 954 s
215 871 245 929 le.
277 869 340 928 Sed
360 885 399 928 ne
424 868 494 943 quis
516 869 615 928 dicat:
648 869 779 944 „Omnes
802 869 899 946 igitur
923 873 1024 932 nrorte
1046 872 1138 932 vobis
1162 873 1242 950 ipsis

127 980 221 1040 illata
243 980 305 1040 iam
327 997 407 1039 nuno
424 979 508 1038 abite
525 979 671 1039 addeum
693 997 795 1056 neque
811 981 903 1042 nobis
919 983 1047 1059 negotia
1063 981 1240 1059 facessite,“

129 1122 173 1138 -
196 1106 351 1167 exponam
368 1105 423 1148 cur
438 1088 471 1148 id
486 1105 548 1146 nou
568 1088 734 1167 faciamus,
757 1093 789 1150 et
805 1109 861 1153 cor
876 1109 967 1166 quum
983 1093 1166 1168 inquirimur
1181 1093 1242 1171 im·-

128 1200 245 1278 pavide
260 1199 471 1258 confiteamur.
504 1197 573 1258 Non
590 1199 708 1258 trustra
725 1200 869 1260 mundum
884 1218 904 1260 a
920 1202 979 1261 deo
996 1203 1153 1262 conditum
1169 1219 1242 1262 esse

130 1311 311 1386 didicimus,
333 1310 389 1369 sed
406 1310 540 1386 propter
557 1307 721 1370 humanum
736 1327 835 1386 genus
845 1329 852 1385 ;
877 1313 971 1386 atquc
986 1312 1115 1388 placere
1135 1313 1164 1370 ei
1181 1312 1242 1372 iam

131 1421 266 1480 diximus
288 1437 344 1479 eos
368 1420 421 1496 qui
442 1419 537 1478 insita
560 1419 591 1476 ei
606 1419 690 1478 bona
708 1420 885 1498 imitantur,
909 1422 1077 1498 displicere
1096 1421 1242 1499 vero'qui

131 1531 293 1591 deteriora
309 1529 538 1606 amplectuntur
552 1529 606 1588 vel
622 1529 706 1588 dioto
723 1530 777 1590 vel
793 1529 887 1590 facto.
926 1531 1044 1599 Quodsi
1061 1549 1167 1592 omnes
1182 1549 1242 1592 no·

130 1643 182 1702 bis
197 1642 260 1719 ipsi
280 1657 388 1700 manus
412 1640 596 1716 afferamus,
623 1640 784 1714 quominus
802 1640 964 1716 quisquam
979 1641 1127 1718 gignatur
1143 1643 1175 1700 et
1191 1642 1243 1700 di·

130 1747 213 1811 viuis
231 1751 381 1812 doctrinis
398 1750 570 1825 imbuatur,
593 1747 647 1806 aut
666 1749 760 1808 etiam
777 1751 939 1825 quominus
958 1754 1062 1810 exstet
1077 1751 1243 1812 humanum

131 1878 242 1938 genoe,
266 1863 412 1937 quantum
427 1861 458 1918 in
471 1859 563 1918 nobis
579 1859 671 1918 situm
689 1861 752 1935 est,
776 1859 806 1918 in
822 1877 916 1922 causa
934 1863 1058 1938 erimuS,
1081 1861 1144 1938 ipsi
1161 1877 1242 1936 quo·-

131 1989 193 2048 que
212 1973 322 2032 contra
342 1971 394 2030 dei
409 1971 602 2030 voluntatem
615 1969 795 2046 venientes,
817 1970 845 2028 si
863 1969 925 2030 hoc
940 1970 1100 2030 faciamus.
1145 1970 1243 2038 Quum

131 2084 237 2142 autem
260 2079 442 2156 inquirimur
458 2095 518 2137 non
540 2095 706 2156 negamus,
729 2081 793 2138 tum
815 2081 899 2155 quod
920 2080 1036 2140 nullius
1059 2081 1132 2140 mali
1150 2081 1242 2140 nobis

131 2192 251 2253 conscii
273 2191 385 2266 simus,
410 2191 474 2248 tum
491 2188 574 2264 quod
595 2189 720 2266 impium
737 2190 950 2252 existimemus
972 2207 1034 2248 non
1051 2191 1082 2248 in
1102 2191 1242 2250 omnibus

131 2282 299 2362 veritatem
317 2301 438 2376 dicere,
462 2300 494 2358 id
512 2300 596 2374 quod
612 2300 671 2358 deo
686 2303 809 2376 gratum
826 2314 899 2357 esse
914 2300 1044 2377 scimus,
1065 2303 1129 2360 tum
1148 2301 1243 2360 etiam

132 2412 218 2490 quod
234 2428 292 2471 vos
307 2410 452 2488 opinione
472 2409 575 2485 inique
591 2409 764 2485 anticipata
780 2425 860 2468 nunc
873 2409 1012 2468 liberare
1030 2412 1199 2492 cupiamus.

220 2539 249 2597 5.
271 2536 305 2596 Si
325 2553 416 2612 quem
439 2537 541 2595 autem
565 2535 677 2619 subeat
697 2533 777 2593 haec
795 2535 946 2611 cogitatio
969 2535 1092 2596 minime
1109 2541 1242 2599 eventu·

132 2666 217 2726 rum,
238 2647 267 2707 si
283 2648 373 2706 deum
390 2647 610 2724 profiteremur
625 2645 814 2720 adiutorem,
837 2646 872 2702 ut
887 2644 1010 2720 iniusti,
1041 2649 1242 2719 quemadmo-

133 2762 206 2820 dum
221 2758 365 2836 dicimus,
388 2744 546 2817 domiuatu
560 2772 616 2816 suo
633 2771 690 2814 nos
705 2755 886 2832 premerent
900 2769 937 2812 ac
953 2753 1115 2830 suppliciis
1131 2755 1243 2824 astico-

132 2967 224 3022 lustini
235 2967 311 3020 liert.
331 2965 433 3034 scriptis
449 2969 475 3017 et
491 2963 572 3018 doctr.
590 2978 617 3030 p.
629 2961 672 3018 ti.
776 2959 801 3014 6.
817 2953 1041 3027 Ἐξεταζόμενοι.
1051 2955 1242 3028 ..dlqurimvl

134 3053 225 3107 Omnis
237 3052 370 3104 tolleretur
382 3048 525 3117 difficultas,
539 3051 560 3101 si
570 3050 672 3117 (Grab,
708 3046 783 3115 Apol.
801 3047 822 3100 Ι.
849 3045 918 3100 cd:
947 3044 981 3098 ου’
1006 3041 1170 3114 βουλόμεθα
1192 3047 1242 3114 ζῆν

132 3139 202 3193 Bell.
217 3135 321 3188 —vide
346 3151 368 3188 c.
385 3135 407 3187 1.
429 3149 455 3187 ιι.
467 3135 497 3202 2)
519 3135 584 3187 hanc
601 3135 672 3203 Apo·
707 3123 957 3198 decdoiopodvcrc.
984 3130 1153 3184 Tertullianus
1169 3130 1242 3198 Apo-

133 3225 228 3294 logicrn
256 3223 379 3274 minorem
414 3219 482 3270 illius
510 3219 673 3288 appendicem
707 3219 758 3284 log.
776 3235 798 3270 c.
819 3217 868 3268 22:
899 3217 972 3283 „Nec
987 3216 1024 3268 ins
1040 3215 1137 3268 estulli
1152 3213 1243 3268 desua

134 3309 213 3361 luisse
234 3305 396 3360 concederes
416 3331 451 3342 -
491 3304 673 3358 llalletllrirl-
707 3302 831 3367 religiono
850 3300 981 3354 mentiri.“

133 3394 191 3446 laius
213 3387 459 3459 προσειλήφαμεν,
485 3388 551 3456 quod
568 3404 673 3456 prorsus
778 3386 802 3438 l.
822 3385 859 3438 Εἰ
879 3384 911 3438 δέ
929 3404 992 3438 τινα
1013 3387 1076 3454 etc]
1105 3383 1134 3438 ld
1154 3382 1242 3436 solitos

134 3479 176 3530 cst
199 3472 375 3528 consuetudini
397 3473 552 3526 Iustinianac
573 3489 672 3526 eccem—
707 3487 765 3524 csso
786 3471 896 3524 obiicere
917 3473 1032 3524 ethnicos
1055 3471 1166 3524 testatur
1183 3467 1242 3520 Cte-

134 3559 274 3614 modetum.
707 3571 780 3610 mens
801 3556 1008 3624 Alexandrinus,
1036 3555 1077 3624 qui
1098 3568 1186 3606 eorum
1203 3551 1243 3603 di-

203 3644 230 3698 4.
255 3644 308 3696 nod
334 3639 372 3710 μή
398 3645 482 3708 pesa]
518 3641 599 3706 Vulgo
622 3640 674 3694 cori
709 3641 795 3694 ctasic
813 3635 1242 3704 rclcrtStrom.lV.c.li.§.823

135 3726 186 3782 καὶ
214 3745 302 3794 perv..
336 3725 485 3780 Desiderari
510 3723 549 3794 μή
574 3725 614 3778 vcl
640 3724 675 3780 oo*
710 3721 767 3778 Διὰ
784 3721 855 3778 τίδὲ
875 3721 909 3778 cd
933 3725 1087 3794 βοηθεῖσθε
1105 3716 1243 3786 διωκόμε-

135 3813 272 3868 Peniculus
291 3810 415 3878 advertit,
432 3814 459 3862 et
476 3815 547 3864 recte
567 3811 675 3878 Splbur-
709 3829 771 3872 νοις
791 3810 947 3876 porteto..
978 3809 1116 3863 diaconos.
1139 3803 1244 3858 Adden-

136 3900 194 3966 gius
216 3898 264 3952 ndi
284 3911 331 3966 pro
351 3892 390 3964 μή
405 3911 419 3948 a
436 3895 541 3948 librario
559 3895 676 3960 insultum
710 3885 756 3948 dus
770 3898 810 3946 est
826 3894 951 3946 Minucius
966 3893 1040 3944 Felix
1056 3891 1144 3944 Ocior.
1159 3904 1182 3943 c.
1201 3889 1243 3947 12.

136 3983 307 4050 existimavit3
342 3981 440 4035 scilicet
464 3981 618 4049 paulopost
642 3981 677 4032 ait
710 3993 735 4047 p.
749 3977 782 4032 35
794 3992 850 4046 sqq.
869 3975 909 4030 od.
926 3975 1034 4028 Cellar..
1053 4001 1090 4016 -··
1124 3975 1246 4028 lrcnacus

137 4069 251 4121 lustinus
266 4064 305 4135 μή
325 4062 407 4121 εἶναι.
444 4066 582 4133 Perpcram
599 4062 677 4129 igitur
711 4064 767 4118 cdv.
793 4063 894 4116 luceres.
919 4058 962 4111 lv.
983 4073 1006 4112 c.
1022 4057 1066 4114 34,
1090 4059 1116 4126 §.
1136 4057 1167 4110 1:
1196 4057 1247 4124 „Si

137 4151 248 4205 Grotius
270 4156 298 4204 et
318 4151 445 4204 Breunius
470 4147 504 4204 od
530 4148 631 4212 volunt,
651 4147 677 4197 et
712 4151 794 4200 autem
819 4144 887 4197 subit
911 4157 955 4195 uos
979 4141 1122 4198 huiusmodi
1146 4155 1247 4211 sensus,

137 4235 165 4288 in
179 4239 278 4290 textum
292 4236 391 4302 recepit
406 4233 525 4291 Goczius.
711 4235 740 4282 ut
756 4228 864 4284 dicatis“
884 4231 950 4281 etc..

1014 4321 1084 4384 12*
