2910 4774
554 273 765 336 araneam
790 274 814 336 1.
924 279 933 336 ἴ
1177 276 1239 347 163

200 447 265 547 χ68.
289 445 335 506 ho
357 446 385 506 si
408 445 532 522 quidem
557 445 635 506 haee
659 447 751 506 vobis
778 447 894 512 rationi
909 452 942 508 et
961 449 1088 510 veritati
1104 467 1237 512 eonsen-

126 562 221 618 tanea
246 573 319 616 esse
342 558 508 634 videntur,
533 559 565 616 in
585 559 688 634 pretio
713 575 752 616 ea
775 557 908 617 habete:
941 559 990 618 sin
1013 563 1117 620 autem
1136 579 1238 640 nugae

127 669 220 728 vobis
244 669 410 744 videntur,
436 670 470 726 ut
491 685 590 744 nugas
616 669 820 746 contemnite,
843 685 923 728 neve
941 673 977 730 ut
998 672 1152 732 adversus
1176 673 1238 734 bo-

126 781 194 838 stes
209 779 254 837 ita
269 779 424 837 adversus
439 795 494 837 eos
510 779 562 854 qui
577 779 691 838 iniuste
706 797 900 854 nequaqnam
917 783 1013 857 agunt
1028 784 1159 842 mortem
1179 783 1248 864 σο·-

126 889 256 950 oernite.
300 889 513 948 Praedieimus
543 889 623 947 enim
650 888 903 949 vobis-futurum
928 891 978 950 rlei
1005 891 1151 951 iudicium
1177 909 1237 952 vos

125 1017 188 1060 non
210 1001 385 1061 evitaturos
412 1017 500 1077 esse,
527 1001 556 1058 si
580 1000 611 1058 in
628 1000 779 1058 iniustitia
799 1003 1028 1078 permaneatis;
1049 1019 1158 1062 aenos
1180 1020 1238 1064 ae·

125 1113 344 1172 clamabimus:
375 1105 471 1182 Quod
493 1105 602 1192 placet
622 1105 682 1170 deo
705 1106 742 1170 id
751 1103 844 1193 slot!
866 1109 907 1170 Et
931 1129 1023 1188 quum
1042 1129 1082 1172 ex
1100 1113 1242 1190 epistola,

124 1223 250 1282 maximi
267 1225 299 1280 et
314 1221 520 1280 illustrissimi
538 1219 684 1280 Caesaris
700 1220 859 1298 Hadriani,
882 1223 1024 1299 parentis
1040 1222 1150 1298 vestri,
1176 1239 1237 1299 po-

124 1333 246 1392 stulare
262 1349 281 1391 a
299 1333 390 1390 vobis
405 1348 569 1408 possemus
582 1333 615 1390 ut
630 1331 753 1408 iudicia,
771 1332 1027 1406 quemadmodum
1046 1333 1237 1408 rogavimus

122 1443 195 1502 fieri
212 1441 371 1519 jubeatis,
400 1459 462 1500 non
487 1444 590 1499 tamen
620 1441 719 1517 magis
746 1443 920 1518 propterea
942 1442 1122 1517 rogavimus
1153 1443 1237 1516 quorl

124 1554 173 1610 ita
189 1553 390 1612 constitutum
406 1553 492 1610 esset
509 1551 549 1609 ab
573 1549 749 1626 Hadriano,
772 1552 830 1610 sed
854 1551 938 1626 quod
959 1551 1093 1609 sciamus
1111 1566 1168 1609 nos
1186 1524 1244 1610 iu-'l

123 1665 175 1722 sta
191 1665 313 1740 petere,
331 1663 504 1722 orationem
522 1663 554 1720 et
570 1661 800 1738 expositionem
816 1661 1014 1720 oonleoimus.
1041 1659 1235 1718 Subieeimus

122 1789 202 1832 vero
226 1775 319 1831 etiam
342 1773 499 1850 epistolae
520 1771 671 1830 Hadriani
692 1771 883 1848 exemplum,
913 1774 947 1831 ut
972 1771 1004 1828 in
1026 1770 1087 1828 boo
1112 1785 1235 1845 quoque

122 1900 234 1942 verum
257 1900 314 1942 nos
332 1883 437 1943 dicere
458 1884 670 1962 perspiciatis.
714 1883 761 1942 Ita
777 1883 874 1942 habet
896 1881 975 1940 illud
998 1880 1190 1956 exemplum:

488 1993 673 2075 ειΜινουκίῳ
699 1991 876 2074 movebare.

208 2095 384 2182 Ἐπιστολὴν
408 2095 549 2182 ἐδεξάμην
569 2100 735 2186 γραφεῖσαν
757 2125 807 2181 μοι
831 2095 888 2162 iet
912 2098 1086 2180 1ίΣιρηνίοα
1107 2102 1234 2179 Γρονια·

123 2214 183 2275 νοῦ
215 2211 423 2294 λαμπροτάτου
453 2206 579 2296 ἀνδρός,
611 2205 714 2274 ὅντινα
735 2209 772 2274 σύ
799 2211 927 2284 beeheim.
973 2202 1019 2272 Οιί
1048 2209 1131 2270 δοκεῖ
1150 2199 1234 2270 θοὖν

122 2345 175 2402 μοι
209 2317 241 2385 τί
279 2328 398 2404 πρᾶγμα
428 2315 576 2404 ἐζήτησαν
612 2327 799 2396 καταλιπεῖν,
836 2321 886 2383 ίνα
925 2313 965 2400 μή
996 2341 1026 2380 τε
1054 2319 1085 2380 οἷ
1111 2313 1233 2402 ἅνθρω·

121 2455 176 2494 ποι
206 2427 408 2514 ταράττονται
431 2434 480 2495 καί
505 2440 577 2506 τοῖς,
596 2430 800 2510 συκοφάνταις
828 2431 950 2512 χορηγία
973 2428 1152 2510 κακουργίας
1172 2451 1233 2494 που

123 2545 271 2624 ρασχεθῇ.
320 2539 395 2605 ‘¹”Av
416 2537 473 2606 οὖν
500 2547 609 2620 σαφῶς
637 2543 679 2615 εἰς
701 2539 813 2620 ταύτην
835 2538 891 2622 τήν
913 2535 1038 2616 οίξίωσιν
1062 2539 1093 2600 oi
1114 2538 1231 2618 ἐκαρχιε

122 2647 198 2706 οἶται
213 2640 364 2709 δύνωνται
384 2647 617 2728 ὅιϊσχυρίζεσθαι
636 2639 709 2706 κατὰ
731 2646 792 2705 τῶν
809 2645 1014 2724 Χριστιανῶν,
1038 2635 1081 2714 οἷς
1102 2639 1151 2702 καὶ
1172 2635 1230 2721 κρὸ

123 2815 222 2868 drianei
250 2819 364 2882 textum,
397 2832 471 2884 quem
501 2813 660 2884 Aquileiensi
695 2813 750 2866 dam
764 2813 874 2866 eodioem
883 2808 1125 2876 Norimberpensem
1138 2808 1172 2860 ita
1184 2823 1230 2860 ex·
1284 2883 1285 2887 Ἰ

8 2927 11 2940 ·
122 2901 275 2969 presbytero
292 2899 428 2952 redivivum
450 2900 569 2954 debemus
590 2901 659 2969 (vide
694 2899 795 2963 hausit,
825 2911 912 2948 omnes
931 2895 1053 2947 lectiones
1075 2898 1103 2946 ut
1122 2891 1230 2956 margini

123 2985 156 3038 E.
173 2985 194 3038 l.
211 2986 320 3038 Kimmel
334 2986 372 3038 De
390 2985 482 3038 Rufino
501 2986 605 3038 Eusebii
619 2987 659 3038 in·
693 2982 760 3034 illius
785 2980 902 3033 editionis
933 2996 999 3032 nuno
1027 2980 1054 3031 in
1078 2977 1230 3030 bibliotheca

122 3073 248 3136 terprete.
283 3071 366 3124 Gerae
393 3070 468 3124 1838.
492 3086 518 3138 p.
535 3069 660 3139 175sq.)‚
693 3067 796 3118 lenensi
810 3067 954 3118 asservatae
974 3064 1037 3132 (Op.
1051 3063 1089 3114 th.
1103 3061 1137 3128 ll,
1153 3060 1229 3126 lsi)

123 3155 284 3230 Eusebianae
307 3157 525 3225 interpretationis
542 3157 573 3224 (l.
592 3173 615 3211 o.
636 3173 658 3211 ο.
695 3151 858 3204 adscriberet.
874 3178 909 3188 -
936 3149 1046 3202 Titulum
1059 3145 1180 3214 epistolae
1197 3159 1230 3198 ex

123 3239 151 3295 9.
168 3257 194 3310 p.
213 3240 326 3310 315sq.)
345 3241 400 3294 loco
421 3241 567 3307 subrogarit
583 3241 658 3294 Alex.
693 3235 810 3288 facillima
840 3235 985 3288 coniectura
1014 3229 1081 3283 dedi.
1121 3227 1229 3280 Rufinus

125 3327 222 3394 Syrum.
249 3326 410 3378 blazoohins:
439 3325 609 3380 Commentar.
632 3326 659 3376 in
695 3320 760 3372 enim
788 3320 909 3388 praebet:
944 3316 1098 3382 Exemplum
1121 3314 1229 3380 Episto-

123 3415 198 3464 velus
229 3425 397 3464 marmoreum
425 3411 453 3464 S.
476 3409 658 3477 Neapolitanae
694 3403 735 3455 lae
753 3404 924 3472 imperatoris
936 3402 1050 3456 Adriani
1065 3401 1100 3451 ari
1114 3399 1230 3452 Minaci-

7 3525 17 3542 τ
125 3497 248 3551 ecelesiae
261 3495 386 3550 calendar.
413 3497 494 3565 Neap.
506 3493 585 3560 1763)
602 3493 657 3546 Vol.
693 3503 738 3540 κιο
752 3489 910 3571 barrabanum
929 3485 1114 3540 Proconsotem
1138 3485 1229 3538 Asiae.

123 3584 159 3638 11.
183 3597 208 3651 p.
228 3580 280 3634 476
297 3597 371 3649 sqq.;
408 3597 461 3635 ree.
488 3581 515 3632 in
553 3579 658 3631 Gallan-
694 3574 850 3626 Rhenanus:
877 3573 1020 3625 Μίακιὶαοι
1050 3569 1229 3623 Fundanium.

123 3668 158 3721 dii
183 3667 304 3720 Biblioth.
326 3671 388 3720 vett,
411 3667 462 3720 ΡΡ,
487 3667 558 3718 Tem,
584 3664 605 3716 Ι,
631 3677 657 3730 p,
693 3657 838 3710 Eusebius:
880 3654 1030 3726 Μινουκίῳ
1064 3652 1229 3721 Φοννὸανρῖ.

3 3781 12 3818 3
123 3751 176 3808 728
190 3768 261 3820 sqq..
292 3751 401 3804 Secutus
419 3756 572 3803 autemsum
591 3763 660 3800 eam·
695 3743 855 3810 Nicephorus
877 3741 924 3808 (ex
950 3753 995 3790 sua
1023 3734 1229 3802 emendatione):

122 3836 180 3890 (lem
190 3835 275 3888 lluiini
291 3835 606 3888 editionemBasileensem
616 3847 660 3884 re·
695 3816 836 3890 Ἀδριανός
846 3827 954 3888 Καῖσαρ
964 3821 1130 3893 Μιννονιιίρι
1141 3821 1231 3872 mouv-

123 3937 198 3988 cogn.
222 3935 269 3988 per
295 3921 368 3974 Beai.
397 3919 546 3970 Rhenanam
568 3914 659 3982 (Basil.
695 3907 781 3984 δοίνῳ.
808 3908 1036 3962 videmusne.

123 4005 189 4075 apud
214 4006 252 4058 lo.
270 4003 383 4057 Froben.
405 4001 479 4056 1523.
503 4001 617 4067 Folle.
632 3998 659 4052 9.
764 4038 789 4091 2·
808 4033 907 4104 mem]
925 4034 1007 4087 Rhea.
1025 4033 1136 4086 liam

3 4061 16 4146 l.
122 4106 148 4160 p.
160 4089 203 4160 78,
218 4105 292 4160 quam
310 4086 424 4155 possedit
439 4087 582 4141 Ioannes
599 4085 659 4136 An-

123 4174 228 4228 dreas
251 4174 356 4238 Bose;
383 4171 459 4223 lenae
481 4169 539 4222 olim
561 4168 661 4236 proles·
764 4161 790 4217 3.
807 4158 941 4230 prohibeo]
960 4157 1022 4212 cod.
1038 4157 1153 4216 Norimb‚
1166 4172 1232 4228 pro·

123 4272 183 4328 sor3
202 4255 339 4314 isacilieet
350 4272 372 4337 a.
388 4254 456 4309 1672
467 4256 560 4308 matum
573 4267 661 4324 quem·
697 4247 800 4303 hibebo.
1000 4327 1071 4392 11*
