2914 4774
471 275 473 280 ’
519 211 770 326 “.Αι>οιοιιιι
795 263 819 325 ι.
1204 263 1246 332 19

133 436 223 513 mus,
245 434 369 502 ratione
384 434 574 502 severitate
589 437 788 515 venerantes,
808 437 843 498 et
860 419 1023 514 unicuique
1040 435 1163 500 discere
1181 455 1243 502 vo·

134 545 234 624 lenti,
255 548 289 606 ut
306 547 410 608 edocti
424 560 548 624 sumus,
571 547 650 607 eitra
667 543 815 606 invidiam
828 547 1055 626 impertientes.

223 701 253 760 ’7.
277 697 356 772 Seu,
388 698 471 758 dicet
494 697 624 776 aliquis,
646 699 707 759 iam
731 699 887 776 nonnulli,
909 675 1000 777 quum
1026 701 1243 782 comprehensi

134 811 228 887 sunt,
252 789 387 869 convicti
416 811 488 869 sunt
514 809 682 870 malefacti.
721 809 802 870 Sane
823 811 937 870 inultos
966 811 1088 888 quidem
1109 832 1255 891 persae-·

134 923 196 997 pe,
219 937 310 996 quum
328 919 506 996 singulatim
522 920 553 979 in
571 922 666 980 vitam
682 927 808 980 reorum
824 902 995 999 inquiritis,
1019 922 1150 982 sednon
1164 942 1243 1002 pro-

134 1031 211 1107 pter
232 1031 413 1110 praedictos
429 1031 652 1090 condemnatis.
681 1029 717 1090 ln
740 1032 919 1091 universum
942 1031 1037 1108 igitur
1055 1035 1147 1094 etiam
1164 1036 1244 1096 iilud

133 1139 336 1202 confitemur:
367 1141 622 1217 quemadmodum
642 1141 665 1200 ii
686 1141 739 1218 qui
755 1141 839 1219 apud
857 1140 969 1220 Graios
989 1141 1166 1204 arridentes
1183 1145 1244 1206 sibi

133 1349 326 1418 (κακοῦργοι),
352 1348 395 1417 qui
420 1345 550 1404 dumtaxat
571 1347 673 1402 nomine
707 1351 832 1428 suchuug'
844 1349 908 1404 iiber
922 1349 966 1405 das
980 1351 1069 1406 leben
1088 1349 1134 1406 der
1154 1353 1244 1421 Ange·

131 1439 212 1488 tenus
227 1435 365 1486 Christiani
379 1439 448 1486 sunt.
469 1434 521 1486 Res
532 1434 610 1501 igitur
626 1449 673 1486 ne·
707 1435 866 1501 schuldigten
885 1437 1017 1506 gehaiten,
1044 1438 1105 1490 aber
1123 1438 1164 1490 ihr
1184 1455 1243 1492 rer-

133 1531 263 1588 quaquum
278 1519 359 1572 asoto
375 1520 475 1573 nomine
490 1516 584 1586 pendet
601 1517 672 1586 (coh
707 1518 813 1572 urtlreilt
826 1519 866 1586 sie
890 1522 960 1574 nicht
978 1538 1067 1589 wegen
1084 1521 1183 1590 lieren,
1202 1523 1243 1576 die

115 1621 161 1658 .c.
176 1605 216 1671 4).
251 1604 325 1673 Natu,
343 1606 425 1674 inquit
444 1604 565 1672 lustinus,
583 1619 673 1672 quem·
707 1603 801 1656 vorher
814 1604 860 1670 (z
869 1591 915 1658 vor
923 1606 969 1660 der
979 1607 1187 1672 Untersuchung)
1206 1607 1242 1659 als

134 1689 270 1743 admodum
283 1689 349 1758 opud
364 1689 476 1742 Graecos
494 1690 576 1740 variae
588 1693 673 1741 sectae
708 1677 858 1741 sibelthdter
872 1693 983 1755 genennt
996 1689 1099 1742 uuerden
1114 1690 1190 1743 sind“
1208 1717 1244 1730 --

73 1821 76 1825 .
133 1776 312 1844 reperiuntur,
326 1775 431 1826 multum·
448 1775 502 1827 suis
522 1773 674 1840 dogmatisa
707 1777 736 1825 ut
749 1774 861 1826 lustinus
877 1775 1016 1840 generatim
1032 1775 1160 1843 loquatur.
1190 1775 1243 1828 Sed

134 1862 288 1921 seinvicem
302 1857 464 1923 differentes.
483 1862 510 1912 et
528 1873 616 1913 omnes
633 1861 673 1908 ta·
707 1863 762 1912 tum
790 1858 821 1912 od
842 1855 909 1919 code
924 1859 1130 1926 epotspds'eeoe
1152 1861 1243 1914 saltem

133 1965 199 2002 men
211 1963 267 2000 uno
282 1945 419 2014 eodemque
433 1945 535 2000 nomine
552 1938 674 1994 vocantur
708 1944 848 1997 addendum
866 1937 921 1998 erat
937 1940 1119 2012 κακούργους.
1142 1946 1243 1998 Provo-

133 2031 301 2099 Philosephi,
335 2031 371 2084 sic
403 2031 478 2098 plane
511 2027 577 2096 apud
607 2042 672 2079 nos:
708 2028 1018 2096 cavitV.D.adltaphel.
1036 2031 1169 2082 Anneiatt.
1185 2029 1243 2097 phi-
1310 2032 1312 2037 '

134 2119 210 2173 multi
228 2118 329 2170 nomine
345 2115 544 2168 Christianorum
557 2117 672 2179 utuntur,
707 2113 750 2166 l'ol.
766 2099 870 2168 'inNov.
888 2115 959 2167 Test.
977 2131 1009 2166 ex
1025 2115 1130 2182 Polybio
1147 2108 1174 2167 et
1189 2113 1243 2166 Ar-

133 2217 244 2273 quorum
261 2202 378 2270 dogmata
396 2204 422 2252 et
439 2201 551 2252 actiones
569 2215 582 2252 a
599 2198 672 2251 nobis
706 2197 995 2270 riano(Hamh..1715)
1019 2216 1045 2270 p.
1057 2200 1124 2268 5823
1142 2201 1165 2254 is
1181 2211 1243 2252 vero

133 2287 344 2342 condemnantur.
365 2285 419 2352 (nd
431 2287 477 2338 hos
488 2289 592 2354 praeter
607 2275 671 2356 ¹alios
706 2285 773 2338 nihil
782 2286 868 2342 attulit
881 2285 947 2354 quod
961 2285 1010 2336 huc
1026 2286 1184 2354 pertineret:
1204 2283 1244 2336 di·.

133 2373 212 2425 etiam
228 2371 355 2437 Simonis,
373 2369 516 2438 Menandri,
535 2370 672 2428 Marcionis
706 2371 745 2422 xit
771 2371 875 2423 verbum
905 2368 1048 2439 προλέγειν
1073 2384 1125 2422 ιιοιι
1155 2382 1243 2421 carere

133 2454 253 2525 discipuli
267 2473 289 2509 c.
303 2455 336 2516 26
357 2455 419 2525 [quo
435 2457 491 2508 loco
512 2447 672 2516 immolabis
706 2455 819 2522 emphasi
840 2454 889 2526 (z
902 2458 1005 2524 publice
1027 2453 1162 2524 profiteri,
1187 2451 1244 2503 lauet

134 2541 244 2610 ἔφημεν
255 2541 286 2594 ad
300 2546 415 2596 nostrum
429 2540 586 2609 respicitur]‚
600 2541 671 2594 ller—
705 2536 813 2607 supera),
833 2540 900 2592 unde
919 2553 977 2593 cusu
998 2533 1244 2606 oeapeeedpmeae

135 2631 218 2696 ciani,
238 2626 421 2697 Valentiniani,
441 2625 603 2691 basilidiani,
618 2627 671 2694 ¹Su-
706 2619 850 2692 copulatum
875 2625 910 2692 sit¹
931 2641 946 2678 a
968 2625 1140 2680 Demosthene
1167 2637 1243 2690 quum

135 2713 269 2766 turniliani
284 2711 350 2764 Dial.
365 2727 387 2763 c.
406 2711 448 2764 l'r.
466 2727 488 2764 c.
504 2709 536 2762 85
554 2712 671 2784 relerun·
706 2709 765 2760 alibi
786 2708 906 2777 [Philipp.
923 2709 956 2760 11.
981 2723 1006 2776 p.
1022 2708 1064 2760 73.
1085 2708 1124 2762 ed.
1141 2701 1242 2772 beist]

133 2795 201 2866 tur.)
220 2797 301 2849 Nemo
318 2797 461 2863 ergo-ita
477 2799 547 2848 recte
569 2793 686 2852 conclu-'
705 2797 759 2846 tum
772 2795 798 2845 in
812 2793 933 2846 Oratione
949 2807 995 2859 pro
1012 2807 1105 2844 corona
1119 2790 1155 2858 [p.
1169 2787 1242 2854 24⁰]-

134 2885 249 2936 dit-a
274 2881 397 2946 iudicibus
423 2881 530 2933 ethnicis
553 2882 673 2948 puniatur
696 2866 762 2931 'vid
784 2879 907 2930 Theseus.
929 2891 968 2942 gr.
992 2877 1093 2941 linguae
1118 2874 1243 2938 Stephon.

134 2973 262 3036 tamquam
283 2965 442 3018 Christianus
466 2958 514 3029 (oie
536 2952 672 3033 Xprorro-
707 2963 747 3016 ed.
763 2963 831 3015 Hase
847 2978 868 3013 s.
885 2977 909 3012 v.
924 2961 992 3025 (Vol.
1003 2961 1046 3011 Vl.
1061 2973 1088 3026 p.
1101 2953 1167 3008 1766
1179 2953 1243 3021 sp).

24 3071 27 3126 ξ
135 3051 211 3120 νός);
238 3052 337 3120 siquis
369 3049 511 3116 inculpatus
530 3053 671 3119 comperis·
707 3041 912 3113 Troilopiusctmi
927 3040 963 3095 cci
977 3037 1246 3109 προλεχθέντᾱοοιι-

135 3145 192 3209 tur,
228 3138 522 3203 absolvaturtauaquem
549 3137 671 3188 innocens
705 3133 781 3197 iecit3
799 3125 845 3182 se'd
861 3129 975 3181 deseruit
992 3127 1048 3195 ipso
1065 3125 1247 3187 coniecturam,

29 3199 34 3260 ἶ
137 3225 306 3291 Christianus.
327 3219 670 3274 Probaritailatamlocidil-
705 3221 731 3270 et
754 3215 785 3270 ad
807 3212 856 3268 deci
872 3233 896 3266 c.
912 3209 1123 3278 προιεχθέιιτας
1142 3205 1250 3274 supple·
1285 3203 1290 3212 '

135 3310 239 3365 ficillimi
253 3290 489 3373 interpretationem
508 3302 625 3357 liirnrnei.
643 3306 670 3356 in
704 3305 741 3354 rit
761 3301 950 3367 δαίμονας
972 3299 1022 3352 hoc
1043 3308 1136 3349 sensu:
1168 3289 1253 3358 „lits
1279 3359 1281 3363 Ι

139 3396 226 3450 Thevl·
240 3389 453 3446 ,Litereuebrao
476 3405 499 3453 z.
520 3391 589 3458 sup.
605 3391 669 3443 Kir-
705 3383 762 3440 truc
777 3388 834 3439 that
855 3399 926 3438 some
943 3383 1089 3436 Christiane
1112 3391 1171 3442 may
1188 3377 1257 3428 hare

137 3477 339 3541 ⁶h⁶²⁸·20lllttid
358 3473 434 3524 1844,
458 3474 490 3526 N.
508 3474 550 3528 94.
568 3490 596 3544 p.
609 3475 670 3529 785.
705 3467 932 3526 beeneonvieted
956 3483 985 3520 as
1012 3467 1063 3520 evil
1089 3462 1186 3516 dcere:
1220 3459 1263 3509 ior

139 3565 248 3632 Longius
270 3566 358 3614 contra
374 3560 414 3627 (in
433 3561 578 3614 ltoehrti
601 3562 670 3615 Krit.
706 3555 904 3629 youtcondemn
931 3567 1011 3620 marry
1029 3549 1095 3601 atter
1120 3543 1270 3609 enquiring

140 3646 387 3702 Pseu-Brutorum
404 3641 483 3696 tuat
504 3645 575 3698 Tum.
597 3646 671 3698 XXV.
705 3645 760 3696 into
793 3643 838 3693 the
870 3639 986 3702 charges
1021 3632 1135 3696 brought
1161 3625 1279 3688 against

141 3734 211 3786 Fasc.
233 3732 259 3784 6.
285 3746 311 3799 p.
336 3729 401 3798 977)
427 3732 462 3782 ita
489 3730 671 3797 interpretatus
705 3731 790 3794 them,
820 3739 849 3776 es
872 3720 1016 3772 notorious
1041 3710 1195 3770 arenosi-s,
1229 3705 1288 3756 and

55 3881 56 3886 ,
143 3821 193 3870 θδῑῑ
213 3816 308 3884 „Wohl
329 3817 410 3882 geben
430 3818 476 3868 uir
493 3828 540 3884 zu,
561 3815 619 3868 dass
633 3815 671 3870 ei·
706 3818 752 3867 not
768 3816 794 3863 at
814 3810 859 3860 the
885 3801 1049 3864 instigation
1066 3798 1092 3848 oi
1111 3793 1163 3878 the
1196 3786 1296 3836 dae.

57 3921 58 3924 ’
144 3902 330 3969 nigeChristen
347 3903 465 3968 ergniflen
481 3890 671 3954 undalsllbel-
707 3885 800 3950 mons
826 3889 922 3943 berone
944 3875 1131 3934 mentioned.“
1180 3867 1231 3917 Μ
1255 3870 1308 3960 tu:

59 3985 60 3993 ’
89 3975 94 3984 ’
145 3987 368 4040 ttriterbberlbhrt
382 3986 482 4038 worden
496 3967 561 4038 sind.
587 3985 672 4037 Aileiu
707 3983 738 4034 lis
770 3971 908 4029 sententia
941 3966 1034 4016 minus
1053 3960 1120 4013 belle
1158 3951 1324 4040 ⁰P¹ljssffl¹³²

147 4073 206 4127 diess
218 4073 325 4126 beweist
338 4071 428 4123 Nichis
444 4087 527 4138 gegen
542 4070 582 4122 die
597 4069 669 4121 Chri·
686 4068 689 4077 ‘
706 4063 841 4118 doctrinae
869 4049 1046 4143 Iustinianae
1064 4043 1094 4094 de
1112 4031 1336 4159 §livistis-igo-

65 4147 66 4150 '
149 4157 367 4223 sienhberhaupt:
388 4154 454 4208 dcnn
469 4157 510 4208 ihr
523 4153 674 4207 verurtheilt
707 4164 764 4202 rum
786 4131 1051 4211 persecutionibus,
1077 4127 1189 4191 quippe
1217 4123 1242 4158 ³
1291 4123 1351 4171 ⁸0.-

151 4257 189 4307 sn
210 4241 349 4308 obticis,
376 4240 497 4298 nachdem
518 4240 559 4292 ihr
578 4237 673 4290 Ueter-
708 4229 828 4286 monibus
847 4213 1039 4288 repetendis:
1059 4209 1091 4362 cg.
1100 4219 1127 4338 c·
1144 4194 1182 4246 5·
1207 4205 1258 4242 ¹1·
1276 4190 1323 4243 8.
