2900 4776
531 297 741 362 Arctoum
770 299 803 366 1..
1179 286 1249 371 ss·

109 463 235 526 dixisse
265 465 396 528 scimus:
432 464 522 542 Quae
545 464 757 552 impossibilia
779 465 871 554 opud
891 464 1032 536 leonciires
1055 473 1223 560 possibilia

113 571 208 660 opud
230 571 333 638 deum.
358 577 414 639 Et:
436 577 497 650 Ne,
518 579 629 657 iuquit,
648 575 791 644 timeatis
808 599 861 642 eos
876 579 933 664 qui
944 581 1094 650 occidunt
1108 606 1163 648 cos
1183 608 1223 652 ac

112 683 267 770 deinceps
282 681 488 772 ariirilsucere
501 689 655 772 possunt,
678 707 746 758 erim
769 709 844 752 vero
857 689 968 756 timete
979 694 1040 778 -qui
1049 698 1124 780 post
1139 717 1222 759 νιοσὁ

110 796 177 858 iem
192 797 298 880 potest
320 799 353 860 ei
368 795 507 862 anianum
524 799 558 861 ei
574 797 866 882 eorpuscoaiicere
891 799 925 864 in
944 802 1127 888 gehennam.
1162 807 1222 868 Est

110 907 217 968 autem
247 907 392 986 gehenna
421 909 525 988 locus,
562 911 616 972 ubi
644 911 814 988 prmicntur
842 913 894 988 qui
925 914 1040 974 iniuste
1074 917 1222 978 vixerunt

30 1077 35 1087 ,
110 1035 215 1093 neque
241 1019 442 1086 crediderunt
465 1007 635 1080 ea'iutura
660 1036 862 1098 quaecunque
884 1023 961 1086 ocus
977 1041 1037 1102 per
1063 1025 1221 1088 Christum
1242 1080 1247 1090 ,

111 1129 229 1190 docuit.
722 1197 725 1202 .
831 1147 833 1150 ’
1063 1205 1066 1210 .

199 1239 249 1298 2⁰.
271 1237 319 1298 Ao
341 1237 464 1317 Siluylla
487 1237 610 1315 quidem
626 1238 851 1318 et-llystaspes
875 1217 1008 1320 eaquae
1028 1225 1222 1324 corruptioni

112 1347 249 1408 obnoxia
272 1351 344 1410 sunt
359 1349 431 1426 igne
448 1351 639 1410 consumtum
655 1350 695 1408 iri
712 1351 867 1412 dixerunt.
912 1353 970 1422 Qui
983 1371 1061 1413 vcro
1078 1357 1222 1418 dicuntur

111 1457 211 1520 Stoici
225 1459 409 1537 philosophi
424 1459 524 1536 ipsum
541 1459 634 1518 etiam
651 1460 741 1520 deum
758 1462 790 1522 iu
806 1462 907 1538 ignem
920 1465 1041 1524 resolvi
1057 1465 1171 1538 docent
1185 1483 1223 1525 aa

109 1571 255 1631 mundum
271 1571 546 1647 permutationem
562 1561 672 1630 rursus
692 1571 768 1628 oriri
786 1572 907 1648 dicunt;
930 1591 987 1632 uos
1004 1576 1107 1633 autom
1124 1591 1221 1651 prae-

110 1671 246 1742 stantius
272 1681 388 1758 aliquid
408 1679 613 1754 ,mutabilibus
642 1679 738 1740 rebus
756 1682 942 1766 creatorem
971 1683 1104 1742 omnium
1130 1685 1221 1744 doum
1325 1737 1346 1754 ⁴.
1440 1663 1441 1720 3

109 1792 277 1852 oredimus.
326 1789 359 1850 Si
380 1791 476 1868 igitur
492 1789 644 1868 quaedam
668 1789 781 1848 similia
800 1789 850 1848 his
868 1792 920 1865 qui
937 1793 1020 1868 apud
1036 1810 1094 1852 vos
1111 1793 1143 1851 in
1159 1793 1221 1852 ho-
1321 1791 1327 1812 ’“

107 1887 189 1960 nore
208 1905 279 1960 sunt
297 1899 402 1978 puetis
418 1903 451 1958 et
466 1898 676 1976 philosophis,
698 1899 849 1974 quaedam
867 1902 970 1960 autem
983 1903 1108 1980 plenius
1126 1903 1230 1962 etiam.
1294 1909 1297 1914 '

107 2013 144 2071 ct
167 2011 272 2072 divine
290 2012 322 2070 et
346 2011 467 2090 quidem
485 2009 546 2071 soli
570 2017 638 2069 cum
657 2009 924 2068 demonstratione
942 2011 1141 2090 disserimus,
1164 2031 1220 2074 cur

107 2138 208 2198 supra
232 2137 338 2180 omnes
353 2119 466 2178 iniuste
481 2097 554 2180 odio
570 2117 745 2180 habemur?
761 2109 854 2180 ‚Dum
871 2120 951 2178 enim
969 2121 1097 2182 dicimus
1118 2141 1136 2182 a
1159 2123 1219 2184 dcc

106 2231 213 2290 omnia
231 2233 342 2288 ornata
357 2232 389 2288 et
406 2231 475 2288 orta
496 2245 577 2306 esse,
598 2227 743 2288 Platonis
759 2230 1109 2306 seutentiamproferro
1127 2234 1231 2318 vide,

106 2341 227 2400 bimur:
252 2341 324 2400 dum
343 2340 618 2416 conflagrationem
641 2340 728 2417 fore,
752 2333 943 2412 Stoicorum:
967 2341 1037 2402 dum
1056 2321 1233 2429 improbo-3?

104 2469 177 2512 rum
193 2451 311 2510 animas
332 2450 425 2509 etiam
440 2451 515 2529 pust
530 2451 661 2510 mortem
676 2467 771 2510 sensu
790 2451 952 2528 praeditas
972 2452 1093 2530 puniri,
1116 2432 1228 2514 cono!

105 2657 157 2710 xis.
176 2655 310 2708 Caeterum
321 2661 452 2710 uenerant
466 2671 553 2724 omues
565 2657 645 2710 Stoici
727 2653 860 2720 tuetur]
872 2657 1003 2726 ,ἓν-Ιίνιιις,
1013 2659 1218 2725 llaran.‚lloess·

104 2745 133 2796 in
148 2743 196 2794 nac
211 2741 338 2792 sententia
356 2741 386 2794 de
403 2737 555 2808 ἐκπυρώσει
567 2757 644 2794 uora—
678 2741 718 2794 ler
738 2739 876 2812 (sturton.
896 2744 942 2796 der
959 2745 1037 2796 KVV.
1055 2745 1126 2796 Turn.
1144 2746 1166 2797 1.
1191 2761 1217 2812 p.

104 2843 156 2896 que
174 2827 266 2878 urorum
283 2821 466 2894 διακοσμήσει
487 2829 540 2880 sire
560 2827 645 2880 usundi
681 2827 737 2878 tlt.
758 2829 810 2879 nol.
827 2827 873 2892 14)
893 2835 996 2880 monent
1011 2825 1165 2892 θειοτέρως
1178 2829 1218 2879 Ιο-

103 2909 308 2982 νιαλιγγεοκσίᾳ.
327 2912 463 2965 Panaetius
475 2913 541 2983 euim
557 2927 644 2964 ccurr-
678 2903 795 2976 g'cndum.
831 2911 881 2962 Ast
899 2913 1008 2964 bociam
1024 2911 1133 2964 Gratius
1151 2911 1218 2964 lraud

102 3001 146 3050 tra
163 2996 255 3062 aliique
274 3012 324 3050 non
339 2998 462 3064 ignobiles
482 2997 535 3048 eius
558 3000 642 3048 sectae
679 2995 851 3048 necessarium
869 3011 925 3050 esse
940 2998 1042 3048 latetur.

102 3081 250 3151 philosophi
267 3079 385 3133 mundum
402 3079 566 3136 irumortalcm
585 3095 642 3134 esse
776 3076 779 3080 ’

103 3167 270 3219 statuerunt·
294 3165 379 3232 Atque
405 3167 480 3218 etiam
507 3167 524 3218 ii
549 3167 591 3234 qui
618 3156 645 3218 iu
747 3161 772 3216 5.
795 3159 957 3228 Πλάτωνος]
978 3163 1145 3219 AdPlatouis
1161 3167 1216 3218 sul-

104 3251 186 3303 allera
200 3249 327 3300 sententia
349 3251 422 3300 erant
443 3251 644 3320 indignarentur,
679 3247 786 3314 fragium
809 3247 840 3300 de
863 3252 990 3302 creatione
1016 3249 1102 3302 mundi
1122 3251 1151 3303 ab
1167 3266 1216 3304 uno

104 3334 212 3402 opinor,
232 3333 255 3385 si
278 3333 333 3401 quis
350 3333 456 3388 dixisset
472 3352 596 3388 summum
616 3353 644 3390 se
677 3321 726 3384 'dec
746 3335 812 3386 lacta
826 3335 940 3386 certatim
955 3339 1094 3404 provocant
1116 3337 1216 3410 Patres.¹

102 3415 181 3470 deum
202 3415 367 3485 (pracsertim
393 3435 449 3472 curu
477 3437 534 3474 eum
559 3422 644 3486 ignem
678 3418 788 3472 illarimc
814 3434 874 3472 vcro
895 3419 993 3474 illustre
1021 3421 1067 3472 lrac
1091 3417 1121 3472 de
1141 3435 1170 3472 re
1192 3423 1219 3474 et

103 3517 164 3556 esse
191 3501 335 3568 docuerint)
361 3503 414 3569 igni
447 3503 644 3558 comburendum
678 3503 770 3555 Iustini
789 3501 872 3554 serbis
890 3505 1017 3568 geminum
1039 3509 1079 3558 cst
1100 3507 1217 3562 testimo-

101 3584 216 3639 tradere.
255 3584 310 3639 vid.
327 3577 390 3642 lusi.
411 3590 514 3656 Lipsius
531 3589 642 3656 Plrysiol.
679 3587 747 3640 nium
760 3587 887 3640 Hieroclis
912 3589 938 3640 in
955 3590 997 3642 lib.
1012 3577 1043 3642 de
1059 3589 1218 3657 providentia

104 3670 187 3724 sun.
204 3671 238 3724 11.
254 3673 298 3726 aa.
336 3674 477 3726 σιιιιισιιι.
512 3675 550 3728 cr.
568 3675 644 3744 Apu.
679 3659 705 3723 iu
728 3671 780 3724 faro
801 3673 836 3724 ua
859 3675 1009 3728 scribentis:
1038 3672 1120 3728 naeu
1139 3671 1217 3727 nae-

102 3756 138 3808 11.
155 3771 178 3807 c.
193 3754 219 3808 7.
679 3775 755 3809 τωνα
773 3755 845 3812 θεὸν
867 3753 956 3810 αὐτὸν
974 3753 1216 3826 προϋφίστησινῆ

156 3833 181 3893 δ’.
193 3835 255 3904 riv]
267 3839 379 3909 Trullop.
394 3842 453 3894 τοῖν
470 3845 557 3896 contra
570 3841 642 3895 codd.
679 3839 777 3907 σκέψις
794 3839 885 3911 πάσης
900 3840 1045 3909 ἐμφανοῦς
1067 3862 1095 3896 τε
1110 3842 1157 3896 καὶ
1179 3839 1215 3896 οἱ·

101 3930 193 3980 mstos.
219 3926 313 3978 illelius
328 3927 482 3996 'scripsisset
505 3924 554 3978 τὸν
578 3910 648 3979 cuivs
679 3927 793 3993 φανοιῖςΙ
807 3926 1018 3996 διακοσμήσεως
1033 3924 1215 3996 δημιουργόν,

102 4011 158 4066 Sed
182 4027 266 4080 neque
298 4012 344 4063 lrac
376 4011 554 4064 emendatione
580 4026 642 4078 opus
678 4005 713 4080 ἢν
730 4008 760 4064 ἐκ
777 4009 899 4080 μηδενὸς
923 4005 1109 4080 ὑποκειμένου
1126 4031 1214 4078 προοι-

102 4100 161 4164 οεῐ;
185 4097 217 4149 cs.
235 4092 643 4165 ν.σ.σ.12τοῦποιτρόςπάν-
677 4099 770 4165 γαγοῖν
791 4093 842 4150 τόν
867 4097 1007 4166 τεχνίτην·
1041 4092 1137 4165 uicaria
1160 4097 1214 4165 prio

101 4201 161 4235 τιον
183 4186 210 4235 et
233 4197 256 4234 ο.
280 4181 312 4234 21
342 4177 498 4251 γεννήτορκ
519 4177 642 4238 πάντων.
678 4177 754 4250 αὐτῷ
772 4173 980 4241 alciodorense
997 4186 1053 4238 τῶν
1070 4177 1161 4240 ὄντων
1181 4182 1214 4244 td

102 4266 160 4320 l'id.
178 4283 201 4323 σ.
219 4263 262 4322 13.
277 4281 302 4320 n.
318 4263 344 4320 8.
680 4266 785 4324 οἰκεῖον
800 4263 938 4337 βούλημα.
966 4270 1089 4326 Grotius.
