2910 4774
444 309 448 314 ,
529 242 740 306 aronoom
765 242 789 304 1.
1174 239 1239 324 let

121 422 275 494 mortem,
301 433 393 493 quum
409 415 532 476 omniuo
547 417 739 479 moriendum
753 430 825 474 esse
841 415 974 492 constet,
998 413 1237 494 necquidquam
1285 459 1288 468 .

122 530 201 590 novi
224 529 282 588 sed
310 527 420 586 eadem
449 527 481 586 in
503 526 565 586 hoo
588 529 674 586 statu
697 527 879 596 ooonrrant:
910 540 1041 602 quorum
1060 525 1192 586 satietas
1210 524 1239 586 si

122 639 180 698 vel
195 655 306 698 annum
323 636 526 714 perfruentes
542 636 635 712 capit,
661 635 777 694 debent
793 635 826 711 ii,
847 637 882 694 ut
897 651 1023 712 semper
1038 635 1101 694 sint
1113 638 1147 696 et
1160 651 1238 713 per·
1288 692 1292 698 .

122 748 284 827 pessionis
307 747 458 823 expertes
484 762 521 804 ao
544 746 661 806 nullius
684 745 733 804 rei
756 745 950 822 indigentes,
972 746 1104 806 animum
1118 745 1159 806 ad
1178 721 1240 806 noe

123 861 194 918 stra
217 857 362 918 instituta
388 855 571 930 adiungere.
617 854 650 914 Si
673 869 751 914 vero
780 853 860 912 nihil
891 855 1047 931 reliquum
1069 871 1142 914 esse
1164 857 1240 932 post
1286 897 1289 902 -

125 969 260 1030 mortem
273 966 420 1042 eredunt,
441 964 498 1024 sed
514 965 545 1024 in
561 966 676 1024 statum
693 981 807 1052 sensns
819 966 983 1040 expertem
999 965 1166 1024 morientes
1182 982 1239 1026 ua·

125 1079 203 1138 dere
220 1075 439 1153 pronuntiant,
461 1075 541 1134 bene
565 1075 604 1134 de
620 1075 710 1134 nobis
730 1076 889 1132 merentur
905 1074 988 1150 quod
1005 1091 1062 1134 nes
1078 1074 1170 1136 buius
1188 1076 1240 1150 vif

124 1193 178 1246 tae
200 1184 460 1264 perpessionibus
488 1201 525 1244 ao
547 1184 790 1244 necessitatibus
813 1184 965 1259 liberent,
994 1184 1119 1260 seipsos
1137 1187 1241 1246 autom
1289 1247 1293 1255 ,

125 1295 288 1372 improbos
302 1295 335 1354 et
351 1293 534 1354 inhumanos
552 1296 584 1353 et
600 1294 779 1370 opinionum
799 1295 957 1352 amatores
971 1293 1141 1369 praebent:
1178 1310 1241 1354 uon
1290 1349 1293 1354 ,

125 1408 209 1464 enim
229 1404 319 1464 velut
341 1403 508 1464 liberaturi
531 1420 590 1463 nos
612 1405 741 1480 necant,
764 1402 822 1462 sed
843 1402 931 1462 volut
947 1403 1011 1462 vita
1028 1405 1060 1464 et
1075 1403 1240 1483 voluptate

127 1515 298 1592 spoliaturi
317 1514 471 1574 oooidunt.

214 1626 264 1682 58.
287 1623 478 1684 Marcionem
498 1637 622 1699 quoque
641 1621 820 1697 Ponticum,
844 1621 878 1680 ut
902 1621 1161 1698 supradiximus,
1181 1622 1241 1682 im·
1291 1679 1295 1686 .

125 1734 279 1796 miserunt
293 1733 387 1810 pravi
412 1733 595 1808 daemones,
617 1731 671 1811 qui
690 1733 865 1790 'creatorem
886 1730 1069 1790 coelestium
1087 1733 1120 1790 et
1134 1734 1241 1790 terre-

126 1843 239 1902 strium
262 1844 397 1903 omnium
421 1844 513 1902 deum
536 1844 631 1917 atque
656 1841 908 1918 praenuntiatum
924 1857 942 1899 a
957 1841 1125 1918 prophetis
1148 1839 1242 1900 Chri·

126 1955 211 2012 stum
224 1953 321 2013 filium
337 1953 406 2014 eius
423 1952 517 2011 etiam
531 1967 611 2010 nuno
630 1951 725 2010 dooet
743 1966 879 2027 negare,
901 1950 997 2010 elium
1013 1953 1116 2010 autem
1132 1967 1242 2026 quem·
1293 2009 1295 2012 ,

126 2063 200 2122 dam
215 2066 345 2140 praeter
362 2064 505 2142 opificem
521 2063 738 2122 universorum
760 2061 850 2120 deum
867 2060 1082 2136 praedicatae
1097 2061 1242 2120 similiter

127 2172 226 2233 alium
243 2173 357 2249 filium;
380 2174 453 2234 buio
467 2172 557 2232 multi
572 2171 754 2246 credentes,
780 2172 813 2229 ut
834 2169 895 2228 soli
911 2186 1020 2242 verum
1035 2170 1163 2247 scienti,
1184 2185 1243 2230 nos
1297 2217 1299 2220 .

129 2282 266 2342 irrident
280 2283 398 2343 nullam
415 2299 523 2344 eorum
544 2297 624 2357 quae
648 2280 754 2338 dieunt
770 2280 1067 2340 demonstrationem
1078 2280 1244 2356 babentes,
1295 2345 1301 2354 Ἰ,

128 2391 189 2464 sed
209 2394 339 2470 praeter
364 2395 517 2452 rationem
537 2392 627 2451 velut
649 2390 724 2467 agni
746 2407 765 2448 a
785 2390 861 2466 lupo
883 2389 968 2467 rapti
987 2406 1060 2449 esua
1080 2389 1244 2466 impiorum

129 2501 310 2578 dogmatum
334 2504 367 2561 et
390 2504 572 2562 daemonum
594 2501 680 2560 fiunt.
730 2497 817 2560 Nihil
839 2500 919 2558 onim
947 2499 1034 2559 aliud
1053 2499 1245 2580 contendunt

129 2611 184 2686 qui
207 2611 352 2672 dicuntur
375 2613 558 2690 daemones,
580 2611 642 2668 nisi
664 2611 699 2669 ut
724 2609 881 2668 abducant
904 2608 1046 2668 homines
1062 2627 1082 2667 a
1100 2611 1245 2668 creatore

130 2720 192 2779 deo
215 2723 247 2779 et
270 2722 479 2798 primogenito
498 2721 565 2780 eins
590 2719 732 2779 Christo:
754 2720 787 2778 et
805 2733 861 2776 eos
884 2718 1008 2792 quidem
1025 2719 1077 2792 qui
1094 2735 1129 2776 se
1150 2701 1244 2778 humo

131 2829 249 2890 tollere
268 2832 426 2906 nequeunt
440 2830 577 2890 terrenis
592 2830 626 2888 et
640 2826 826 2887 manufactis
844 2825 940 2884 rebus
954 2825 1124 2886 affixerunt
1139 2828 1171 2884 et
1192 2825 1244 2884 af·

131 2939 246 3018 figunt,
269 2955 324 3000 eos
340 2942 445 3000 autem
459 2939 560 3017 quise
576 2940 617 2999 ad
633 2935 928 3014 contemplationem
942 2949 1047 2994 rerum
1061 2935 1245 2994 coelestium
1271 2993 1299 3032 κ,

131 3158 176 3198 res
190 3147 253 3197 vett.
270 3129 420 3200 et‘recenti.
437 3145 493 3200 Vol.
513 3146 534 3200 1.
558 3145 630 3200 Tom.
646 3143 672 3199 3.
782 3141 807 3198 2.
835 3135 921 3196 ἄλλον
941 3144 1004 3205 eie]
1034 3141 1146 3194 lustinus
1172 3139 1242 3210 (adr.

131 3242 159 3298 p.
183 3227 289 3297 858sq.
318 3231 426 3283 coniecit
454 3229 588 3297 legendum
616 3246 672 3282 esse
707 3228 794 3295 lraer.)
816 3225 1243 3295 ap.1ren.adv.haer.1V.o.6.

134 3313 671 3384 ptioduipovue(doemooomcrudiores).
708 3312 734 3381 §.
749 3315 778 3365 2:
805 3309 885 3381 Αὐτῷ
905 3311 943 3382 τῷ
966 3312 1054 3384 κυρίῳ
1077 3306 1141 3364 οὐδ’
1162 3303 1197 3364 ἂν
1214 3307 1244 3366 ἕ-

133 3399 184 3453 nst
205 3399 282 3452 lectio
308 3399 422 3452 codicum
444 3399 558 3452 bonose
581 3399 673 3466 habet3
707 3397 838 3466 πείσθην,
854 3393 1019 3454 ἄλλονθεὸν
1036 3393 1245 3464 καταγγέλλοντι

134 3477 208 3550 δόξα
233 3485 299 3536 enim
321 3483 457 3552 opponitur
480 3483 590 3536 veritati.
630 3483 673 3535 Sic
708 3480 786 3548 nupsi
810 3479 860 3536 τόν
884 3481 1057 3551 δημιουργὸν
1078 3487 1103 3537 et
1118 3483 1246 3554 foetorem

132 3569 209 3639 paulo
223 3571 282 3621 ante
295 3571 467 3621 memorantur
482 3567 672 3636 φιλοδοξοῦν·
708 3572 735 3622 et
749 3571 904 3624 nutritorem
918 3574 1046 3624 nostrum.

133 3671 188 3728 reg.
216 3654 284 3706 Sunt
298 3650 353 3721 rupo'
372 3653 423 3722 τῆς
438 3648 574 3718 ἀληθείας
589 3648 678 3718 δόξαν

132 3740 287 3807 'reportem
316 3755 338 3793 c.
358 3738 397 3794 12.
419 3754 444 3808 p.
464 3737 506 3792 59.
525 3739 556 3791 E.
593 3736 677 3800 Quare

134 3841 158 3880 θ’
175 3823 218 3879 ⁵3·
244 3841 270 3926 Β·
290 3821 333 3877 89·
352 3824 385 3880 Α·
413 3827 473 3884 ²⁰3⁶
501 3819 624 3960 ἀληῃθὲξ
641 3842 677 3959 αι’
771 3863 797 3919 4.
816 3863 982 3934 τῆςγῆςμὴ
996 3860 1247 3928 trutpeodudsyl.

135 3911 510 4048 {¹⁷‘“3⁰⁸3⁴⁶⁹⁰‘{7⁰pg⁰numur'
527 3907 562 3963 0⁰
584 3945 610 3960 “
625 3921 677 3976 ¹³⁰⁰
711 3951 817 4018 bursius
843 3949 952 4002 coniecit
967 3945 1140 4013 ἐπαίρεσθαι
1158 3950 1247 4016 legen-

165 4009 212 4048 ’θ’
245 4009 293 4064 'p'
344 4035 351 4048 ⁶
393 4033 400 4047 ‘
712 4033 771 4087 dum
783 4033 823 4086 vel
839 4027 896 4086 ded
910 4037 969 4086 ante
984 4035 1122 4101 genitivum
1133 4031 1185 4100 vrit
1198 4032 1248 4099 νῆα

133 4173 136 4180 Δ
216 4120 240 4176 1.
267 4112 307 4182 ὥς
326 4117 502 4191 προέφημιν]
533 4119 563 4175 C.
585 4117 628 4174 26.
650 4131 676 4186 p.
711 4116 885 4173 inserendum.
927 4117 1105 4172 coniecturam
1138 4117 1248 4172 Grabiua

133 4203 182 4262 70.
199 4204 232 4258 d.
275 4259 279 4266 ,
540 4247 544 4252 ,
713 4202 872 4272 improbauit.

771 3693 797 3749 3,
816 3693 1099 3763 rdvudvequVulgo
1115 3690 1248 3749 edenda-s
1272 3668 1276 3673 .

712 3799 779 3834 των.
814 3780 876 3834 Vide
891 3795 914 3835 o.
932 3779 974 3835 13.
988 3796 1013 3833 n.
1032 3777 1057 3833 8.
