2900 4776
546 271 753 343 Arctoum
782 271 806 334 1.
1174 269 1236 338 lot

121 441 279 523 ptorihus.
319 439 362 503 Idt
378 441 497 521 omnla,
519 459 721 522 quaecunque
745 446 784 506 de
800 443 1034 506 immortalitate
1047 443 1168 506 animae
1182 445 1236 506 vel

121 555 236 633 poeuis
263 555 338 632 post
360 561 493 614 mortem
509 555 564 616 vel
584 555 847 633 contemplatione
864 555 1047 616 coelestium
1063 572 1168 616 rerum
1182 555 1236 615 vel

122 665 279 726 similibus
296 665 451 742 dogmatis
465 667 530 726 tum
543 665 727 743 philosophi
745 668 808 726 tum
822 668 936 744 poetae
953 665 1109 743 dixerunt,
1124 683 1143 725 a
1157 682 1236 744 pro·

121 775 231 854 phetis
254 776 355 834 sumto
376 777 561 853 argumento
584 777 616 835 et
632 775 813 862 intelligere
836 777 1007 854 potuerunt
1027 777 1060 836 et
1075 791 1236 854 exposue-

121 887 206 948 runt.
250 883 329 944 Hinc
351 885 436 962 apud
462 897 568 946 omues
588 887 734 946 veritatis
758 886 876 946 semina
895 886 1043 946 videntur
1067 902 1154 962 esse;
1179 885 1237 946 sed

123 995 358 1072 comperiuntur
379 1011 441 1055 nou
468 999 614 1058 accurate
639 1012 707 1054 eam
730 995 949 1074 intellexisse,
986 995 1237 1073 quandoquidem

122 1105 283 1166 centraria
306 1104 368 1164 sibi
395 1106 457 1183 ipsi
481 1107 596 1166 dicunt.
646 1104 732 1183 Ergo
758 1105 842 1181 quod
864 1105 1012 1184 dicimus,
1035 1123 1088 1185 res
1112 1105 1236 1166 futuras

121 1216 305 1294 praedictas
325 1215 440 1292 fuisse,
469 1232 530 1274 uon
548 1232 585 1276 ec
606 1216 736 1292 dicimus
755 1216 839 1292 quod
859 1215 918 1276 fati
938 1216 1129 1276 necessitate
1144 1216 1236 1294 liaut;

122 1326 182 1386 sed
200 1344 292 1402 quum
307 1326 494 1404 praevideat
517 1327 595 1386 deus
615 1325 738 1386 futuras
762 1326 894 1385 omnium
912 1325 1069 1386 homiuum
1085 1327 1237 1404 actiones,

124 1453 280 1514 quumque
306 1437 390 1514 apud
411 1452 497 1514 eum,
529 1452 589 1513 pro
615 1436 735 1494 meritis
759 1436 914 1495 actionum
937 1436 1079 1512 singulos
1094 1435 1237 1497 hominos

122 1548 402 1624 remuneraturum,
423 1547 573 1605 statutum
587 1546 629 1605 sit
644 1547 678 1605 ut
694 1545 733 1604 ab
750 1545 821 1622 ipso
838 1547 932 1604 etiam
949 1546 1044 1622 digua
1060 1543 1237 1607 actionibus

121 1657 264 1735 praemia
279 1656 509 1734 rependantur,
531 1672 590 1732 per
606 1655 826 1734 propheticum
846 1655 990 1732 spiritum
1007 1657 1172 1734 praedicit,
1195 1657 1237 1718 ad

121 1767 217 1827 animi
240 1766 444 1825 attentionem
464 1783 502 1825 ac
525 1767 777 1825 recordationem
791 1768 923 1843 'semper
940 1781 1057 1825 vocans
1079 1766 1237 1828 homiuum

121 1894 234 1956 genus,
258 1876 366 1950 itidem
382 1875 600 1942 demonstrans
615 1892 649 1935 se
668 1893 772 1935 curam
790 1892 897 1936 eorum
912 1891 1026 1953 gerere
1040 1877 1142 1954 iisque
1157 1894 1237 1956 pro-

120 1989 244 2047 videre.
289 1984 479 2064 Operatione
504 1987 608 2046 autem
623 1986 775 2046 malorum
800 1987 983 2048 daemonum
1008 2003 1093 2048 mors
1115 1988 1237 2050 sancita

123 2194 248 2251 buatur.“
699 2195 853 2264 reipublicae
876 2195 1006 2250 eventuris
1027 2195 1186 2265 inquireret,
1207 2211 1237 2252 ac

191 2281 217 2335 9.
237 2275 465 2350 decorticandae]
484 2279 662 2335 MalePcrion.
699 2280 778 2334 libros
806 2281 951 2348 evolveret,
983 2282 1010 2334 in
1035 2283 1125 2350 quibus
1150 2281 1237 2333 lutura

121 2362 344 2434 ἅπαιτὴσισθαι.
546 2409 552 2421 .
697 2365 888 2434 praedicuntur.
926 2367 999 2421 Hanc
1022 2367 1105 2434 legem
1123 2365 1236 2418 lustinus

194 2455 236 2509 10.
257 2449 384 2514 θάνατος
398 2442 509 2519 delebor
526 2453 588 2513 elo]
605 2449 663 2504 Ma-
698 2449 846 2504 daemonum
873 2455 930 2505 astu
951 2456 978 2505 et
999 2453 1129 2505 molitione
1160 2448 1237 2502 fixum

121 2556 201 2596 rauus
232 2539 356 2608 (Praelat.
375 2537 406 2592 P.
425 2537 473 2591 111.
493 2552 519 2606 p.
537 2533 662 2600 LXXXV)
696 2533 775 2588 luisse
790 2536 926 2604 existimat,
947 2539 1064 2592 nimirum
1080 2540 1109 2589 ut
1121 2533 1236 2587 homiues

121 2626 187 2678 haec
207 2624 340 2678 observat:
370 2623 475 2692 „Poena
489 2621 532 2674 illa
548 2619 661 2687 capitalis
697 2633 711 2670 a
735 2618 850 2685 legendis
873 2623 1005 2690 prophetis
1025 2622 1236 2674 deterrerentur:

123 2710 240 2763 ethnicos
254 2704 662 2772 deterrebatalegeudisHysta-
697 2718 742 2756 sua
768 2704 837 2757 illum
861 2707 1018 2773 experientia
1038 2707 1130 2760 docere
1154 2703 1238 2772 potuit
1293 2695 1295 2699 ’

120 2795 193 2866 spis,
213 2795 325 2863 Sibyllae
346 2797 372 2846 ct
388 2792 568 2860 prophetarum
581 2788 663 2854 libris,
697 2789 789 2842 multos
805 2789 961 2858 [gentilium]
975 2792 1023 2842 hoc
1035 2792 1105 2842 metu
1118 2787 1236 2838 detentos

122 2885 151 2934 at
178 2880 337 2933 Christianos
361 2882 413 2929 tam
434 2890 523 2943 parurn
547 2872 664 2924 mouebat
698 2875 776 2928 luisse
797 2875 930 2944 quominus
943 2874 1124 2941 prophetarum
1141 2869 1237 2937 scriptu

118 2967 150 3019 ut
167 2981 195 3018 sc
213 2965 253 3017 his
270 2961 384 3031 legendis
407 2961 478 3014 libris
493 2957 591 3010 deditos
606 2969 663 3007 esse
697 2963 804 3024 tangere
820 2958 952 3012 auderent.
980 2957 1017 3010 At
1035 2955 1237 3009 Christianorum

121 3050 185 3119 ptee
206 3063 235 3102 se
258 3049 358 3101 ferrent
380 3061 408 3100 ac
424 3042 583 3114 proterendis
602 3041 664 3108 pio·
699 3042 747 3094 eliu
764 3043 864 3095 exstitit
883 3057 968 3096 causa.
1003 3041 1098 3095 Notum
1121 3041 1176 3092 erat
1191 3051 1236 3090 eos

122 3135 259 3206 phetarum
273 3131 382 3186 oraculis
396 3129 491 3182 nemini
505 3128 532 3182 iu
543 3125 663 3178 offensio·
698 3125 819 3180 detestari
833 3127 953 3197 quidquid
969 3127 999 3180 ad
1010 3125 1117 3192 auguria
1126 3123 1236 3176 ethmu-

119 3235 180 3273 nem
194 3221 317 3271 uenturos
333 3212 499 3269 confiderent.
534 3212 663 3277 Quaenam
697 3211 819 3279 spiciuam
838 3213 965 3282 pertinet,
984 3228 1012 3266 ac
1033 3209 1128 3279 mande
1147 3207 1236 3276 piacu-

120 3319 185 3372 ergo
200 3303 242 3355 illa
257 3302 310 3368 lex,
328 3305 380 3352 tam
394 3297 502 3354 ethnicis
519 3295 662 3364 metuenda,
696 3293 748 3348 lum
775 3296 894 3350 arbitrari
918 3297 1053 3352 daemones
1084 3291 1236 3359 consulere3
1310 3331 1314 3336 .

121 3387 284 3443 Christianos
301 3400 362 3439 vero
382 3385 445 3438 nihil
463 3383 585 3438 laedenst
604 3381 663 3436 Non
697 3397 744 3434 uec
756 3383 893 3451 prophetas
910 3384 1074 3452 proterebant
1084 3381 1111 3434 in
1126 3379 1157 3432 iis
1172 3392 1236 3446 quac

121 3475 173 3527 ulia
187 3472 302 3540 prolecto
321 3471 421 3524 n'detur
438 3469 563 3538 assignari
584 3483 662 3536 posse
697 3465 728 3518 ad
744 3467 898 3535 reipublicae
916 3465 1158 3520 administrationem
1174 3475 1236 3530 per-

120 3561 227 3627 praeter
248 3571 303 3609 eam
323 3570 387 3623 quae
410 3555 554 3610 futurorum
576 3554 662 3608 curio-
697 3551 797 3620 tinent,
824 3551 917 3606 sedin
939 3553 971 3605 iis
989 3567 1053 3621 quae
1075 3545 1235 3602 adsalutem

119 3657 175 3698 sam
197 3641 387 3709 inquisitionem
412 3641 579 3709 prohibebat:
608 3641 664 3692 erat
698 3641 843 3707 aeternam,
872 3653 955 3707 neque
977 3640 1005 3689 ut
1030 3637 1116 3687 lutura
1135 3629 1235 3682 curiose

120 3727 188 3781 enim
204 3727 252 3779 hoc
272 3727 367 3779 crimen
385 3726 461 3792 longe
479 3726 613 3778 marimum
630 3726 662 3777 il·
697 3726 897 3790 cognoscerent,
916 3721 961 3774 sed
977 3720 1062 3789 potius
1077 3719 1107 3768 ut
1123 3729 1153 3766 ea
1171 3727 1234 3781 quae

118 3813 151 3865 lis
175 3812 349 3879 temporibus,
368 3825 397 3862 ao
417 3809 489 3862 nevis
505 3811 583 3864 rebus
605 3815 662 3864 stu·
696 3806 756 3859 lesu
770 3806 871 3860 Christo
888 3811 915 3859 et
929 3802 1079 3858 christianis
1097 3799 1236 3852 evenerant

121 3897 224 3950 dereet
237 3895 333 3950 nelarie
350 3893 454 3947 consilia
472 3892 606 3946 intendere
623 3893 662 3946 ui·
697 3891 903 3944 demonstrarent
931 3889 1016 3942 multis
1043 3888 1101 3938 ante
1127 3881 1235 3935 saeculis

119 3982 246 4048 debatur,
272 3979 372 4048 siquis
396 3977 661 4048 desalutermperr-
696 3971 1097 4044 praevisaetpraediclaesse.
1131 3967 1234 4024 Aeuo-

120 4067 187 4122 toris
208 4079 332 4142 responsa
351 4066 461 4133 peteret.
499 4063 538 4118 Gl.
552 4065 660 4119 renue
696 4061 804 4112 muribus
827 4059 864 4112 sic
880 4059 962 4112 auimo
980 4055 1076 4110 allectis
1088 4053 1152 4108 uihil
1168 4051 1235 4106 Cre-

120 4152 230 4220 Apolog.
249 4147 326 4203 c.85.
347 4149 411 4202 Erat
424 4164 485 4217 ergo
503 4151 585 4218 capite
600 4165 661 4202 sau·
696 4146 794 4199 saribus
809 4141 971 4198 metuendum
984 4138 1069 4195 erat.“
1106 4137 1159 4193 Sed
1177 4136 1234 4191 vide

119 4236 198 4290 citum
219 4234 325 4303 nequis
347 4233 378 4288 de
400 4232 661 4288 rehuscaesariaut
696 4231 821 4286 Semisclr.
843 4229 935 4283 Jusalto
951 4228 999 4282 der
1013 4225 1127 4296 monus.
1149 4225 1180 4281 Ρ.
1197 4224 1232 4279 ll
