2910 4774
537 221 747 284 APOLOGIA
771 221 809 285 11.
1183 219 1245 290 16⁹

135 411 261 456 suasum
277 394 394 454 hahent
408 394 542 454 iniustos
556 396 589 454 et
600 395 786 456 libidinosos
803 395 834 454 in
850 401 979 455 aeterno
992 395 1064 473 igne
1079 395 1245 456 excrucia·

135 508 200 566 tum
214 507 271 582 iri,
296 505 423 565 virtutis
442 507 545 564 autem
565 505 705 566 eultores
733 507 765 566 et
784 522 840 566 ces
863 506 915 581 qui
936 506 1080 564 similiter
1099 522 1135 564 ae
1151 503 1245 564 Chri·

134 617 203 676 stus
219 617 357 676 vixerint
370 615 461 674 extra
475 617 715 693 perpessionem
728 633 795 674 cum
809 616 868 676 deo
884 611 1067 676 iersaturos
1082 631 1155 674 esse
1168 613 1245 688 (hos

135 728 239 786 autem
260 727 388 785 dicimus
405 726 457 800 qui
471 723 642 784 Christiani
662 725 738 784 faeti
754 728 842 798 sunt)
858 759 899 772 -
915 725 940 784 si
958 726 1026 801 quis
1044 743 1064 784 a
1083 727 1174 802 patre
1191 723 1245 784 vel

135 837 239 896 vieino
257 837 310 898 vel
329 837 394 895 filio
409 836 462 894 val
478 836 576 896 amieo
592 835 645 895 vel
662 835 762 894 fratre
781 836 834 894 vel
853 836 923 894 viro
938 836 992 894 vel
1014 852 1112 896 uxore
1128 835 1168 894 eb
1186 834 1245 894 de·

20 963 24 970 ·
135 946 243 1006 lictum
265 947 454 1023 castigetur:
486 964 578 1022 quum
601 947 627 1004 is
648 948 781 1022 propter
805 946 1047 1005 obstinationem
1072 943 1245 1004 voluntatis

136 1058 171 1115 el
188 1071 325 1114 amorem
341 1055 516 1132 uoluptatis
534 1059 566 1114 et
581 1057 783 1114 inflexibilem
800 1057 841 1114 ad
855 1057 1002 1116 virtutem
1017 1055 1159 1132 animum,
1182 1057 1246 1116 tam

135 1166 229 1226 etiam
245 1167 336 1242 pravi
353 1167 538 1242 daemones,
561 1167 614 1242 qui
628 1167 719 1225 nohis
735 1165 850 1224 infensi
867 1168 939 1225 sunt
960 1167 994 1224 et
1011 1166 1093 1224 tales
1116 1165 1246 1240 iudices,

135 1276 237 1336 veluti
252 1292 311 1352 pro
326 1293 431 1335 rerum
447 1277 624 1334 conditione
641 1276 811 1335 daemoniis
826 1276 964 1352 agitatos
981 1276 1194 1352 magistratus
1214 1273 1246 1334 iu

134 1403 193 1446 sua
207 1387 366 1462 potestate
383 1385 542 1460 cultuique
558 1402 615 1444 sue
631 1386 775 1444 addictos
794 1385 927 1460 hahent,
949 1401 1055 1444 necem
1076 1383 1167 1442 nobis
1185 1399 1246 1460 pa-

134 1499 216 1554 rant.
261 1496 300 1554 e't
322 1497 424 1555 autem
447 1495 544 1556 totius
568 1496 616 1554 rei
637 1496 695 1554 sub
710 1495 824 1554 Urhico
839 1498 950 1572 gestae
970 1511 1065 1554 eausa
1079 1492 1246 1552 manifesta

134 1606 228 1666 vobis
242 1606 312 1683 liat,
335 1605 410 1680 quid
425 1608 527 1664 aetum
543 1605 585 1664 sit
601 1621 764 1681 exponam.

136 1740 137 1744 ¹
224 1719 253 1775 2.
274 1715 387 1774 Mulier
403 1716 556 1790 quaedam
571 1715 708 1791 degebat
721 1732 789 1773 eum
802 1715 874 1774 viro
888 1715 1117 1792 intemperanti,
1133 1713 1247 1772 intem-

134 1825 299 1905 perantiae
313 1826 384 1902 ipsa
400 1841 523 1900 quoque
540 1825 629 1900 prius
646 1826 762 1886 dedita.
795 1825 853 1884 lbi
870 1827 973 1886 autem
991 1823 1109 1883 Christi
1125 1823 1247 1884 doetri-

134 1953 206 1996 uam
226 1935 391 2012 cognovit,
423 1935 494 2010 ipsa
518 1934 559 1992 ad
578 1933 701 2011 frugem
723 1936 884 2012 compulsa
908 1953 945 1995 ae
961 1935 1031 1993 viro
1051 1932 1247 2012 persuadere

135 2049 248 2107 eenata
260 2048 311 2105 est
327 2047 361 2104 nt
376 2045 520 2102 similiter
536 2061 571 2103 se
587 2045 628 2104 ad
643 2044 766 2122 frugem
780 2045 947 2122 reciperet,
955 2045 1127 2104 doctrinam
1142 2044 1172 2104 ei
1187 2061 1247 2102 ex·

134 2173 272 2234 peneus,
293 2155 325 2214 et
340 2154 475 2214 sutorum
490 2155 529 2214 iis
547 2156 600 2230 qui
620 2156 788 2214 libidinose
813 2158 846 2214 et
866 2157 995 2232 praeter
1011 2157 1130 2214 rectam
1144 2155 1247 2215 ratio·

134 2283 205 2326 nem
221 2267 359 2326 vixerint
376 2267 406 2324 in
423 2269 551 2325 aeterno
565 2266 637 2341 igne
654 2266 840 2342 supplicium
857 2266 1051 2354 denuntians.
1083 2266 1143 2326 Ille
1157 2282 1247 2344 vero,
1267 2327 1274 2332 ,

134 2377 168 2436 in
189 2376 299 2436 iisdem
321 2377 448 2453 flagitiis
474 2391 679 2452 permanens,
709 2377 884 2436 actionibus
908 2377 973 2435 suis
994 2365 1146 2437 alienavit
1168 2393 1187 2438 a
1210 2392 1247 2438 se

135 2503 276 2548 uxerem.
320 2485 449 2564 impium
468 2487 548 2546 enim
572 2503 644 2547 esse
667 2487 779 2548 mulier
804 2486 986 2546 existimans
1004 2487 1153 2564 deineeps
1170 2503 1248 2548 conv

135 2681 215 2754 ἡμῶν
242 2677 316 2754 ἦσαν
340 2685 373 2740 οἵ
395 2703 424 2740 τε
447 2679 577 2740 ἄδικοι
605 2681 673 2739 ἄν·
709 2684 868 2755 διδάγματα
886 2681 1008 2753 ἔγνωσαν
1031 2675 1126 2746 οὗτοι,
1145 2682 1246 2754 ποθή,-

134 2773 283 2836 θρωνιοι
308 2769 355 2825 καὶ
386 2772 575 2838 δαίμονες.
613 2771 674 2822 Μα-
708 2789 797 2838 ματος
814 2767 845 2824 δὲ
859 2771 984 2833 Χριστοῦ
1000 2773 1200 2835 προσωνυμίαν
1216 2766 1246 2824 ὁ·

134 2871 227 2909 renim.
268 2857 352 2910 Etiam
376 2859 535 2924 Pearsonus,
569 2856 673 2909 Gallnn-
708 2855 1098 2924 pel.ete..ParilerinClar.,
1117 2855 1247 2922 nisiqaod

135 2939 208 3008 dius,
241 2942 370 2997 Braunius
400 2943 496 3000 nullum
522 2944 562 2994 hic
594 2955 672 3008 agne·
709 2940 832 3011 ἔγνωκαν
855 2941 969 3008 praebet.
1000 2940 1146 3008 Stephanus
1169 2937 1247 2991 edidit

135 3030 212 3078 scunt
228 3027 349 3082 hiatum.v
704 3024 868 3098 ’διδάγματα
884 3023 953 3095 ἔγνω
970 3018 1058 3093 αὕτη,
1075 3019 1247 3091 παθήματος

775 3112 899 3181 Χριστοῦ
929 3110 1129 3180 προσωνυμίαν
1165 3101 1245 3177 ὁμοί..

210 3133 236 3189 9.
267 3133 429 3202 τοιούτους]
465 3137 551 3202 Qualis
578 3136 676 3190 seilicet
710 3110 751 3251 3⁵⁰

138 3219 249 3272 Urbicus
266 3226 306 3275 est
320 3239 397 3292 supra
412 3224 564 3278 nominatus.

207 3346 231 3400 1,
251 3342 330 3414 Γυνή
345 3367 418 3408 ug„
429 3385 435 3398 ,
445 3353 560 3404 pomp,
574 3369 675 3417 w„-
778 3327 804 3380 2.
819 3321 893 3381 Ἐπεὶ
912 3323 954 3392 δὲ]
965 3327 1061 3380 Euseb.
1077 3320 1190 3395 Ἐπειδὴ
1205 3322 1246 3380 ὔὲ.

134 3428 538 3499 τιμήθη]ῦίίσνίῑὴαοο1οοοοι
549 3437 675 3492 Errschins
778 3435 804 3492 8.
824 3433 904 3506 ἔγνω]
941 3438 1084 3505 Stephon,
1116 3437 1246 3505 Sylhorp,

134 3517 204 3571 llisl.
227 3517 319 3570 eccles.
344 3517 387 3571 lV.
412 3534 433 3572 ο.
455 3518 487 3570 17
511 3520 565 3590 (ed.
584 3523 674 3575 llcini-
709 3523 810 3576 llorell.
844 3522 938 3576 addunt
967 3514 1054 3589 eden,
1088 3524 1155 3592 qued
1189 3526 1248 3592 pest

135 3602 209 3656 elren.
238 3601 309 3654 Tem.
329 3601 355 3671 l)
379 3617 404 3671 p.
421 3602 472 3656 869
484 3621 559 3674 sqq..
603 3607 675 3672 Quod
710 3608 850 3662 Thirlbium
873 3623 961 3660 arrruee
984 3624 1104 3662 monuere
1127 3610 1153 3660 in
1174 3603 1246 3677 oriar}

134 3702 195 3740 rere
217 3686 286 3739 intra
312 3701 387 3741 voces
411 3685 447 3741 rei
475 3689 527 3742 τοῦ
551 3693 674 3759 Χριστοῦ
710 3693 854 3746 mutandum
879 3709 944 3746 esse.
983 3694 1080 3758 Omisi,
1100 3709 1174 3760 quam
1200 3709 1246 3745 ne-

134 3769 296 3841 διδάγματα
329 3769 398 3839 ἔγνω
423 3777 449 3826 ct
474 3777 674 3844 προσωνυμίαν
710 3791 758 3843 que
778 3777 867 3829 lustini
885 3775 954 3844 (ride
970 3791 996 3830 n.
1017 3777 1044 3845 1)
1062 3793 1144 3844 neque
1162 3777 1246 3831 Euse-

135 3851 331 3926 ὁμολογοῦντα
353 3856 405 3912 τὸν
427 3851 583 3927 ἄνθρωπον
606 3863 674 3916 τοῦ·
709 3862 745 3914 bii
758 3860 830 3916 codd.
845 3863 917 3914 mstis
931 3860 1056 3915 firmetur.

133 3961 185 3998 τοι
209 3940 333 3998 laniciem
356 3944 519 3999 interiectum
543 3951 584 4000 est
604 3947 673 4000 desi·
776 3947 802 4000 4.
823 3943 859 3998 ad
887 3942 1059 4012 διδάγματα]
1088 3947 1121 3999 ll.
1144 3961 1169 4000 e.
1195 3944 1247 3999 τοῦ

133 4029 239 4084 deretur
260 4031 287 4084 iu
301 4028 373 4084 codd.
392 4031 473 4083 nostri
489 4032 580 4086 lustini
601 4033 674 4086 mstis
709 4031 841 4097 Χριστοῦ.
870 4031 1012 4084 Articulum
1026 4026 1061 4083 roi
1075 4034 1133 4083 ante
1150 4027 1248 4100 διοιὶγ·

132 4117 161 4168 et
182 4115 212 4168 ab
233 4114 373 4170 editoribus
397 4131 430 4171 ex
452 4115 564 4169 Eusebio
583 4117 614 4183 (l.
634 4115 673 4182 c.)
708 4137 785 4186 ματα
799 4115 930 4183 ΗοῑοΙιῑο.,
947 4115 1056 4184 illatam,
1073 4117 1247 4189 thalamania,

133 4198 276 4256 decentum
293 4204 342 4255 cst.
361 4200 468 4269 Legitur
485 4201 551 4255 enim
565 4202 591 4256 ln
608 4201 672 4270 hep.
709 4204 805 4257 Brenn.
822 4203 886 4255 male
905 4201 1045 4257 eiecerunt.
