2914 4774
212 277 238 328 n
291 281 296 294 ·
566 243 954 326 ruomuomsus.

214 439 365 512 tentiam·
377 435 554 508 calumniis
572 445 692 506 eontra
715 437 819 506 deum
844 449 960 506 ansam
979 431 1153 526 praebere
1170 430 1223 522 (o.
1243 429 1329 523 22).

216 565 271 636 7⁰.
294 567 420 657 Longe
442 564 724 656 praestantiorem
751 586 825 634 esse
845 559 1118 633 Christianorum
1144 558 1330 628 circumci-

217 694 348 780 sionem
367 690 418 782 (o.
428 687 478 758 24
487 691 573 782 sq.)‚
596 690 668 759 siue
687 713 754 780 qua
771 688 872 758 etiam
886 685 1003 756 ludaei
1020 685 1144 754 salvari
1158 693 1333 776 nequeant

139 882 142 892 2
219 820 271 912 (o.
283 817 367 908 26).
395 817 590 910 Prophetes
608 815 728 884 eadem
746 813 995 906 atqneMosem
1011 809 1167 880 docuisse
1182 820 1332 906 propter

219 945 373 1016 eamdem
391 943 491 1011 istem
506 939 620 1010 cordis
636 940 795 1008 duritiam
814 939 866 1032 (o.
884 937 976 1030 2³03
992 945 1027 1006 at
1041 959 1155 1008 reram
1170 937 1333 1006 iustitiam
1447 946 1452 960 '

218 1095 283 1166 per
299 1069 473 1142 Christum
491 1066 683 1160 comparari
699 1065 750 1156 (e.
767 1063 852 1156 28),
875 1089 914 1136 ao
930 1063 1079 1160 proinde
1094 1065 1212 1158 legens
1225 1063 1334 1136 Chri·

220 1196 335 1266 stianis
366 1193 522 1262 inutilem
552 1193 604 1282 (o.
632 1190 725 1282 29),
771 1215 877 1282 quum
910 1199 1084 1260 aeternam
1115 1191 1233 1284 legem
1267 1213 1334 1284 per

218 1319 350 1412 ,christi
385 1319 530 1412 gratiam
568 1319 752 1386 observent
791 1317 842 1408 (o.
866 1315 948 1406 30).
1001 1315 1053 1386 89.
1081 1315 1196 1385 Tanta
1226 1339 1333 1407 quum

219 1447 324 1516 fuerit
343 1446 499 1540 potentia
521 1443 650 1516 Christi
667 1444 704 1511 in
727 1443 842 1536 primo
867 1443 940 1510 eius
964 1441 1133 1530 adventu,
1155 1443 1192 1510 in
1206 1463 1334 1511 secun-

221 1572 268 1642 do
292 1573 368 1642 sore
385 1596 461 1642 earn
477 1571 585 1640 multo
601 1569 844 1662 gloriosiorem
861 1567 913 1658 (o.
926 1566 1020 1657 ³1);
1047 1567 1134 1638 duos
1151 1568 1241 1637 euim
1258 1591 1334 1638 esse

217 1699 352 1772 Christi
369 1699 552 1784 adrentus,
578 1713 726 1786 eumque
750 1695 928 1765 dominum
944 1703 980 1764 et
1005 1695 1108 1764 deum
1127 1704 1164 1764 et
1183 1694 1335 1764 adoran-

219 1825 308 1898 dum
327 1825 364 1894 iu
388 1825 502 1894 multis
525 1823 665 1916 psalmis
693 1822 761 1892 diei
780 1817 831 1912 (a.
849 1819 1010 1910 hisp),
1037 1821 1097 1910 qui
1118 1821 1155 1890 in
1169 1821 1334 1894 Salomo-

221 1975 302 2023 nem
326 1973 398 2022 non
424 1949 647 2034 conveniant,
682 1945 777 2036 quod
805 1966 877 2016 non
904 1947 1010 2018 modo
1037 1969 1109 2016 non
1131 1955 1243 2016 tarrtus
1270 1947 1336 2018 sed

216 2079 326 2146 etism
355 2075 496 2144 vitiosus
519 2073 623 2142 fuerit
649 2071 920 2162 christianisque
944 2073 1053 2166 iunge
1077 2071 1249 2144 dissimilis
1278 2074 1333 2163 (o.

223 2199 308 2292 34).
358 2201 455 2272 Inter
477 2221 536 2272 eos
554 2197 694 2286 quidem
710 2197 837 2268 fatetur
861 2207 955 2268 uutm
972 2223 1044 2270 esse
1062 2199 1243 2286 haereses,
1270 2201 1335 2270 sed

225 2349 315 2418 quae
334 2325 523 2394 catholicos
538 2323 574 2392 in
590 2321 661 2392 fide
678 2323 1053 2418 confirmentutpotes
1070 2326 1211 2398 Christo
1227 2349 1334 2418 prae-

215 2453 339 2522 slietre
373 2450 425 2540 (o.
442 2446 492 2518 35
514 2449 624 2540 squ).
676 2447 740 2520 θ’).
753 2449 889 2545 Legem
914 2453 1061 2544 figuram
1086 2451 1191 2524 inisse
1217 2475 1334 2524 rerum

224 2578 270 2646 ad
292 2577 468 2648 Christum
487 2576 732 2670 pertinentium
758 2577 811 2667 (o.
830 2577 881 2646 40
897 2579 1015 2668 sqq.);
1047 2579 1153 2649 finem
1174 2579 1335 2651 habuisse

221 2704 260 2772 in
287 2703 427 2774 Christo
453 2704 499 2795 (o.
519 2703 608 2793 4³),
634 2704 705 2774 siue
732 2725 802 2794 quo
827 2703 946 2774 Iudaei
967 2705 1090 2776 frustra
1108 2705 1251 2774 salutern
1267 2705 1335 2776 ribi

223 2831 427 2924 promittant
450 2829 496 2919 (o.
513 2828 592 2920 44).
642 2830 786 2901 Fatetur
816 2829 941 2919 iustos,
970 2830 1032 2921 qui
1055 2840 1135 2902 ante
1155 2831 1273 2924 legem
1298 2840 1336 2900 et

221 2958 288 3026 suh
316 2958 398 3050 lege
426 2956 587 3046 fuerumt,
621 2956 744 3026 salvari
765 2955 872 3046 hique
893 2979 957 3050 per
981 2957 1157 3028 Christum
1182 2957 1229 3048 (e.
1251 2955 1333 3046 45),

223 3105 338 3172 neque
363 3091 471 3176 negat
493 3084 636 3152 salutem
664 3083 850 3172 adepturos
875 3081 936 3172 qui
956 3083 1074 3176 legem
1100 3107 1178 3156 oum
1205 3083 1276 3154 uus
1296 3084 1335 3154 iu

226 3208 400 3278 Christum
430 3208 644 3298 coniungant
668 3207 715 3297 (e.
737 3203 825 3295 46),
863 3207 1016 3296 quaurris
1046 3209 1146 3280 aliter
1170 3210 1335 3282 catholini

222 3333 325 3404 multi
349 3333 494 3404 sentiant
509 3332 554 3423 (o.
576 3327 653 3421 47).
713 3411 717 3414 ,

326 3571 432 3640 Pars
447 3569 490 3640 11.
525 3571 624 3656 Quae
648 3571 813 3644 haetenus
830 3571 1020 3654 rleChrirti
1041 3573 1215 3644 divinitate
1232 3575 1336 3648 lusti-

225 3719 290 3768 nus
314 3695 402 3766 dixit
425 3721 475 3766 ea-
490 3707 650 3792 spectant
672 3698 717 3768 ad
735 3698 942 3770 refellendas
965 3701 1172 3772 iudaeorum
1193 3703 1337 3796 opinio·

225 3847 287 3894 nes
318 3823 363 3892 de
388 3824 471 3918 lege
495 3823 653 3896 mosaica.
703 3827 804 3914 Nune
832 3835 957 3921 rogrtu
975 3827 1180 3922 Tryphonis
1207 3828 1335 3921 probat

225 3949 401 4022 Christum
425 3950 586 4045 (Logon)
608 3959 688 4022 aute
715 3952 881 4024 mundum
906 3953 1083 4024 eonditum
1110 3953 1275 4024 exstitisse
1298 3963 1337 4022 et

227 4085 349 4166 postea
363 4077 539 4147 homiuem
553 4077 681 4146 fantium
699 4101 784 4148 esse.
837 4080 929 4148 Ante
947 4103 1050 4171 quum
1067 4079 1335 4173 disputationem

227 4197 419 4290 ingreditur
444 4211 564 4273 monet
587 4202 839 4298 Tryphonem,
880 4216 919 4276 ut
947 4215 1058 4279 ratum
1082 4215 1217 4278 maneat
1238 4206 1335 4298 quod
