2910 4774
588 714 945 804 appendix.

310 914 521 982 ι’Λντιονίνον
547 911 699 996 ἐπιστολὴ
723 909 807 996 πρὸς
831 909 869 974 τὸ
894 905 1004 974 κοινόν
1028 909 1085 992 τῆς
1110 905 1228 984 Ἀσίας.

299 1039 502 1124 Αὐτοκράτωρ
521 1047 639 1122 Καῖσαρ
661 1041 748 1114 Τίτος
767 1039 872 1112 Αἴλιος
892 1032 1046 1118 'aldenrode
1064 1030 1246 1110 Ἀντωνῖνος
1269 1041 1327 1098 Σε-
1340 1035 1388 1086 ¹⁰0

214 1154 327 1235 βαστός
356 1149 512 1231 Εὐσεβής,
537 1144 700 1232 Ἀργιερεύς
721 1149 872 1231 μέγιστος,
908 1145 1112 1228 2δημαρχικῆς
1133 1147 1270 1222 ἐξουσίας
1293 1107 1365 1212 rdB

215 1259 264 1338 ιε’,
291 1257 406 1335 ίίτιατος
426 1257 462 1324 τί
484 1253 528 1344 γ’,
553 1254 659 1340 Πατὴρ
677 1260 828 1340 πατρίδος,
847 1260 891 1340 τῷ
907 1260 1000 1341 κοινιγῖ
1016 1260 1069 1336 τῆς
1088 1252 1188 1332 Ἀσίας
1203 1259 1330 1339 χαίρειν.

212 1367 286 1454 Ἐγοῖ
310 1367 394 1457 ᾤμην
413 1368 485 1434 8ὅτι
508 1369 557 1432 καλ
577 1364 649 1442 τοῖς
672 1363 765 1442 θεοὺς
787 1367 931 1446 ἐπιμελεῖς
952 1367 1075 1430 ἔσεσθαι
1095 1363 1136 1446 μή
1160 1365 1330 1430 λανθάνειν

213 1481 286 1556 τούς
306 1476 472 1554 τοιούτους.
516 1473 602 1542 Πολι)
617 1477 673 1560 γίιρ
692 1479 805 1558 μᾶλλον
832 1476 964 1550 ἐκείνους
983 1471 1155 1552 κολάσοιεν,
1176 1477 1259 1558 εῖττερ
1275 1473 1329 1540 dd-

213 1613 334 1666 ναιντο,
362 1586 434 1664 τούς
458 1585 498 1669 μή
520 1587 722 1670 βουλομένους
750 1582 854 1660 αὐτοῖς
876 1593 1067 1666 προσκυνεῖν.
1117 1579 1172 1662 Οἷς
1191 1583 1362 1668 ταραχὴνΰ

212 1697 300 1781 τῖμεῖς
325 1698 495 1780 ἐμβάλλετε,
524 1696 653 1776 κοίτην
682 1689 806 1778 γνοῖμην
836 1689 956 1771 adreio,
987 1692 1083 1777 ἥνπερ
1114 1696 1252 1776 ἔχουσιν,
1284 1693 1329 1770 οῖς

213 1805 318 1874 didon
335 1815 536 1890 κατηγορεῖτε,
558 1806 608 1870 καὶ
632 1803 716 1887 ἕτεροί
739 1829 806 1868 τινα
826 1791 997 1886 ἐμβάλλετε,
1025 1799 1113 1868 ὅτινα
1134 1801 1172 1868 οὗ
1196 1803 1328 1886 δυνάμε-

213 1926 259 1984 θα
281 1915 441 1992 ἀποδεῖξαι.
484 1917 547 1996 ute
572 1913 602 1978 δ’
631 1910 670 1978 ἂν
701 1914 824 1988 ἐκείνοις
853 1908 998 1996 χρήσιμον
1025 1914 1059 1978 ed
1087 1916 1188 1979 δοκεῖν
1212 1915 1261 1978 bal
1283 1919 1328 1999 τιγῖ

213 2027 459 2112 κατηγορουμένῳ
479 2019 640 2090 τεθνάναι·
670 2024 720 2087 καλ
741 2028 864 2086 νικοῖσιν
888 2019 968 2104 ν’μᾶς
990 2023 1161 2106 προϊέμενοι
1182 2021 1236 2103 τοὶς
1256 2026 1327 2092 ἕνν-

213 2141 276 2201 τοῖν
290 2136 402 2218 ψυχάς,
424 2133 522 2217 ίῆπερ
542 2133 714 2214 πειθόμενοι
736 2126 782 2206 οίς
801 2127 916 2208 ἀξιοῦτε
936 2132 1081 2216 πράσσειν
1097 2127 1218 2208 αὐτούς.
1248 2136 1327 2218 Περλ

213 2245 247 2310 δὲ
277 2249 339 2308 τοῖν
370 2248 499 2323 σεισμοῖν
526 2247 588 2306 τοῖν
607 2238 772 2326 γεγονότων
800 2242 849 2306 καλ
875 2246 937 2306 τοῖν
963 2242 1129 2325 γινομένων
1159 2238 1217 2306 οὐκ
1246 2243 1327 2320 state

214 2353 229 2391 ⁶
236 2343 408 2434 ὑπομνῆσαι
427 2349 506 2432 ιῖμᾶς
524 2347 737 2432 ἀθυμοῦντας,
761 2348 889 2436 ὅτανπερ
911 2343 976 2430 οῖσι,
996 2351 1269 2434 ὓπαρυβοίλλοντας
1289 2352 1361 2420 adl)
1436 2409 1437 2416 .

292 2562 317 2616 1.
346 2557 508 2617 ’Ληουίτου
532 2567 596 2628 eto]
620 2563 675 2615 Hoc
696 2560 750 2614 edi·
785 2577 810 2614 u.
822 2561 846 2616 5.
868 2561 937 2614 Idem
954 2563 1000 2615 Vir
1015 2562 1177 2614 Clarissimus
1192 2563 1269 2616 istius
1280 2562 1327 2616 de-

216 2651 283 2700 ctum
308 2647 507 2702 Antoninianum
532 2651 559 2702 in
585 2645 656 2702 codd.
679 2645 751 2710 mstis
785 2647 849 2700 creti
869 2650 967 2700 lentum
983 2646 1098 2712 apposite
1113 2648 1233 2700 versione
1247 2649 1327 2703 lebna

218 2731 289 2800 (vide
309 2732 469 2802 Prolegom.)
492 2738 519 2786 et
543 2733 617 2785 edilis
636 2731 752 2784 adiicitur
785 2747 818 2786 ex
838 2731 935 2784 Iustino
956 2735 983 2807 et
1000 2731 1112 2784 Eusebio
1126 2731 1208 2798 (llist.
1233 2731 1326 2785 areles.

202 2817 357 2892 ,Apologiae
385 2818 477 2870 lustini
498 2818 619 2886 Martyris
642 2814 751 2882 longiori
784 2817 828 2871 IV.
851 2831 873 2869 e.
900 2815 940 2868 13.
967 2814 1007 2868 ed.
1036 2813 1188 2870 Heinicben.
1210 2817 1283 2870 Tam.
1303 2817 1325 2870 l.

215 2899 266 2969 (l).
303 2901 370 2968 Sed,
399 2903 509 2956 simodo
534 2903 582 2955 tuit
603 2901 700 2952 Iustino
724 2899 751 2950 in
784 2915 810 2969 p.
826 2899 878 2952 326
889 2899 960 2969 sqq.)
984 2897 1094 2951 reddidit
1118 2901 1187 2952 notis
1211 2901 1327 2954 illustra-

216 2987 347 3053 manibus,
373 2987 428 3054 ipse
449 2987 589 3056 Apologiae
608 3000 659 3038 non
681 2985 751 3036 inse·
785 2989 838 3037 tum
854 2984 885 3049 (l.
900 3000 922 3038 o.
940 2998 967 3052 p.
984 2983 1126 3051 aeosqq.).
1153 2983 1264 3036 Mirifice
1281 2999 1326 3038 au-

216 3069 283 3121 ruit:
304 3072 344 3122 oui
359 3074 447 3139 postea
464 3086 511 3138 per
524 3071 630 3122 alienam
646 3068 753 3120 accessit
785 3072 838 3120 tem
857 3067 985 3138 discrepat
1007 3067 1137 3134 exemplar
1152 3067 1327 3120 Eusebianum

217 3153 386 3207 sedulitatem.
422 3154 505 3220 „Nam
525 3169 572 3206 neo
597 3155 751 3206 mentionem
786 3153 816 3204 ab
831 3153 879 3204 hoc
892 3155 997 3204 nostro:
1022 3166 1100 3218 quaro
1120 3151 1152 3204 de
1167 3152 1210 3203 illa
1227 3151 1326 3204 disere-

217 3235 272 3287 eius
288 3253 392 3304 usquam
407 3239 476 3306 lecit,
497 3253 579 3306 neque
594 3235 656 3289 illud
670 3237 751 3288 omni·
785 3237 871 3304 pantio
885 3235 949 3287 nihil
963 3237 1077 3288 niteram.
1113 3235 1152 3288 Gt.
1171 3237 1248 3288 etiam
1263 3235 1327 3288 Gie-

216 3333 250 3370 no
270 3323 368 3374 exstitit
391 3338 421 3375 eo
437 3328 566 3390 tempore,
586 3336 635 3389 quo
653 3321 751 3390 Apolo-
785 3320 853 3372 soler
867 3319 962 3373 Lebrb.
987 3323 1012 3374 d.
1031 3321 1235 3386 Kircbenyescb.
1253 3320 1326 3372 Tom.

215 3402 281 3466 ςίεοι
298 3419 368 3456 suana
388 3406 522 3458 scribebat.
555 3405 650 3470 Quodsi
670 3405 751 3458 exsti·
785 3405 806 3458 l.
831 3404 900 3458 Soet.
916 3403 939 3458 1.
962 3403 1002 3457 ed.
1020 3401 1046 3458 4.
1069 3418 1095 3471 p.
1116 3403 1175 3457 173.
1199 3419 1226 3456 n.
1245 3403 1271 3458 4.
1291 3431 1328 3442 -

215 3485 300 3552 iisset,
318 3502 369 3538 non
383 3491 423 3539 est
436 3488 546 3554 dubium,
565 3489 688 3540 lustinum
703 3503 750 3556 po·
785 3487 826 3540 Ad
841 3487 903 3540 illud
921 3485 953 3542 τὸ
974 3484 1072 3542 κσιυὸν
1092 3489 1143 3557 τῆς
1157 3485 1246 3548 Ἀσίας
1264 3502 1327 3556 snp-

216 3567 267 3620 tius
285 3570 333 3622 hoc
353 3587 457 3624 usurum
478 3572 556 3624 luisse
576 3571 607 3622 ad
624 3571 750 3624 dolensio-
784 3571 826 3640 ple
841 3571 997 3639 συνέδριον.
1016 3575 1168 3628 Habuerunt
1182 3575 1250 3626 enim
1264 3572 1327 3625 Asi·

216 3667 275 3705 nem
295 3657 350 3724 sui,
377 3657 435 3724 quia
451 3654 481 3708 ad
497 3654 653 3708 Antoninum
668 3657 750 3724 ipsum
785 3658 843 3722 ani,
864 3662 893 3710 ut
912 3661 972 3726 poet
989 3657 1116 3710 Valesium
1139 3657 1170 3710 ad
1191 3657 1288 3711 Euseb.
1306 3657 1325 3712 l.

215 3736 333 3805 dirigitur
342 3740 533 3810 Apologetieus,
552 3755 625 3808 quam
639 3741 682 3793 illo
698 3741 750 3794 Ha·
785 3757 808 3794 o.
820 3741 982 3794 Eicbsladius
993 3742 1099 3808 monuit,
1112 3756 1246 3794 commune
1263 3755 1326 3792 con·

216 3819 306 3890 drieui,
317 3824 347 3877 ad
357 3841 430 3894 quem
436 3825 617 3892 Apologetious
627 3840 677 3876 non
689 3839 750 3894 per·
785 3825 870 3878 cilium
884 3827 962 3878 lolius
977 3826 1071 3892 gentis,
1092 3839 1142 3893 quo
1157 3825 1274 3890 singulae
1288 3823 1326 3874 ol-

214 3905 309 3961 tinet.“
342 3911 382 3963 lta
401 3911 552 3978 praeceptor
571 3924 641 3960 meas
654 3909 750 3961 Eicb-
784 3908 876 3960 vitatos
898 3907 997 3974 legatos
1023 3924 1070 3961 seu
1091 3908 1217 3976 synedros
1238 3909 1326 3960 mitte-

215 3989 351 4044 strdius
376 3994 404 4046 in
425 3992 616 4045 Exercitatione
638 3992 750 4045 Antoni·
783 3991 853 4044 bant.
889 3991 972 4044 Erant
1000 3996 1026 4044 et
1044 3994 1071 4046 in
1100 3993 1156 4046 aliis
1186 3991 1325 4060 provinciis

214 4069 289 4122 niana
312 4075 343 4141 V,
361 4075 463 4129 Annali.
487 4075 627 4128 academiae
646 4076 749 4130 lenens.
784 4074 926 4144 huiusmodi
955 4077 1077 4144 concilia,
1108 4077 1199 4146 quibus
1222 4075 1326 4128 decreto

214 4150 271 4205 llol.
286 4155 299 4206 l
313 4155 381 4224 (len.
399 4157 474 4212 1823.
487 4157 517 4224 4)
527 4157 633 4225 inserte,
646 4171 673 4226 ρ.
688 4155 748 4212 286.
784 4155 958 4213 condebantur
973 4163 999 4214 et
1011 4160 1091 4229 legati
1107 4161 1279 4230 eligebantur,
1297 4161 1326 4212 ut
1436 4209 1437 4236 γ
