2910 4774
541 250 751 318 nronoom
771 253 796 316 1.
921 311 925 320 ,
1168 230 1230 328 mus

10 509 12 512 Ι
118 425 242 504 entiae,
264 441 302 486 ae
318 422 744 503 remissionempeeeetorum
756 425 846 504 prius
867 426 1100 491 commissorum
1115 441 1230 490 eonse-

118 553 267 614 quamur,
287 536 319 594 in
342 551 424 612 aqua
439 551 535 612 super
551 545 595 596 eo¹
607 535 660 610 qui
678 536 814 614 elegerit
830 539 1015 615 regenerari
1034 539 1067 598 ot
1080 540 1232 616 peceato-

117 665 188 708 rum
209 645 435 724 poenitentiam
458 645 563 722 egerit
583 659 695 704 nomeu
716 647 858 723 parentis
874 649 1054 709 cunctorum
1069 648 1231 710 etdomiui
1291 657 1293 660 ’

117 757 172 818 dei
186 755 422 834 pronuntiatur,
449 754 510 814 hoo
531 755 633 832 ipsum
657 755 819 816 dumtaxat
841 757 1026 834 appellante
1045 773 1084 818 eo
1098 759 1151 834 qui
1170 758 1230 818 ba-

116 867 299 944 ptizandum
321 867 361 926 ad
385 866 547 959 lavacrum
570 865 664 925 ducit.
701 865 820 926 Nomen
845 867 925 928 euim
944 867 1151 928 inenarrabili
1168 868 1230 928 deo

116 993 209 1038 nemo
233 978 341 1055 potest
356 976 478 1050 dicero;
500 975 528 1034 si
543 975 613 1052 quis
628 976 732 1036 autem
752 976 868 1038 audeat
884 977 990 1038 dicore
1004 993 1115 1038 nomen
1131 977 1162 1036 ei
1175 993 1232 1039 aa·

117 1103 166 1164 se,
186 1087 302 1174 insanit
323 1085 479 1163 perditam
502 1086 661 1146 insaniam.
693 1086 845 1174 'Vocatur
861 1089 965 1146 autem
987 1085 1049 1148 hoc
1070 1089 1230 1155 lavacrum

116 1195 323 1272 illuminatio,
343 1196 427 1270 quod
447 1187 549 1256 mente
570 1195 785 1256 illuminentur
810 1196 864 1271 qui
887 1195 967 1256 haec
990 1197 1122 1258 diseunt.
1166 1197 1230 1261 Sed

116 1306 213 1366 otiam
233 1306 265 1364 in
287 1305 411 1366 nomine
427 1303 500 1366 lesu
519 1304 655 1382 Christi,
678 1305 818 1366 crucifixi
839 1305 897 1364 sub
920 1305 1033 1366 Pontio
1049 1305 1173 1382 Pilato,
1197 1310 1232 1364 ct

115 1417 150 1476 iu
170 1416 293 1476 nomine
311 1416 442 1492 spiritus
462 1415 579 1492 sancti,
604 1415 657 1492 qni
675 1431 733 1491 per
748 1414 925 1492 prophetas
943 1416 1045 1476 omnia
1069 1417 1110 1478 ad
1127 1415 1231 1486 lesum
1286 1391 1302 1420 ⁹

115 1527 295 1606 spectantia
313 1526 563 1604 praenuntiavit,
585 1525 682 1602 isqui
697 1524 890 1594 illuminatur
907 1525 1055 1586 abluitur.
1144 1585 1148 1592 ,

203 1679 255 1738 62.
292 1677 398 1754 Atque
426 1677 488 1738 hoe
509 1677 670 1737 lavacrum
701 1694 794 1752 quum
832 1677 1027 1736 audivissent
1060 1675 1228 1737 daemones

114 1805 177 1868 per
200 1789 388 1867 prophetam
412 1789 603 1864 nuntiatum,
632 1785 837 1866 perfecerunt
860 1787 895 1845 ut
917 1787 970 1862 qui
985 1788 1104 1864 templa
1120 1804 1229 1848 eorum

115 1899 335 1977 ingrediuntur
354 1899 455 1975 iisque
473 1897 682 1975 supplicaturi
698 1899 786 1974 sunt,
809 1897 958 1956 libamina
974 1913 1012 1956 ao
1026 1898 1155 1956 nidores
1169 1899 1228 1958 de-

114 2009 228 2085 laturi,
251 2009 374 2086 seipsos
392 1986 492 2084 aquae
508 2007 716 2084 adspersione
732 2007 922 2083 lustrarent3
949 2012 1043 2084 atque
1057 2005 1118 2067 hoo
1133 2009 1228 2068 eliam

114 2119 283 2198 perficiunt
304 2120 339 2178 ut
358 2118 597 2196 proficiscentes
621 2118 747 2197 penitus
766 2117 892 2194 lavent,
915 2118 1081 2192 antequam
1099 2117 1227 2177 veniant

114 2231 148 2290 in
165 2229 300 2307 templa,
323 2229 377 2288 ubi
399 2228 448 2288 illi
471 2227 620 2288 collocati
637 2229 717 2288 sunt.
761 2225 839 2286 Nam
854 2227 950 2288 etiam
974 2228 1057 2306 quod
1074 2230 1222 2289 sacerdo-

115 2535 194 2588 supra
208 2521 255 2585 ait)
269 2515 485 2588 μανθανόντων,
505 2521 654 2590 appellatio-
758 2519 784 2574 2.
803 2516 968 2589 προφήτου]
1000 2519 1097 2590 Nempe
1118 2523 1225 2592 lesaiae,

114 2622 175 2658 nem
193 2607 384 2674 φατισμοῦ
400 2607 517 2672 usurpari
533 2609 654 2674 respectu
688 2605 759 2658 euim
778 2606 855 2660 verba
878 2623 901 2663 e.
916 2606 959 2662 61.
970 2620 1007 2675 p.
1023 2606 1067 2661 94.
1085 2607 1117 2661 B.
1137 2607 1225 2662 laoda-

113 2691 202 2744 habito
233 2690 378 2760 disciplinae
405 2691 653 2759 catechumenorum,
687 2693 714 2742 ta
729 2693 798 2744 sunt.

115 2776 210 2844 quippe
242 2781 300 2828 ante
328 2776 480 2844 baptismum
511 2776 652 2831 institutae.
756 2772 782 2827 8.
804 2769 897 2827 τέλεον
919 2778 983 2838 etc]
1011 2773 1092 2826 Multa
1114 2774 1155 2825 hic
1180 2771 1226 2825 sed

114 2859 206 2928 Neque
228 2875 292 2928 opus
314 2864 354 2912 esl
378 2855 532 2926 μαθόντων
555 2863 651 2927 legere.
686 2857 770 2910 inutili
791 2857 878 2911 labore
903 2859 1030 2912 Tlrirlbius
1056 2855 1225 2922 excogitavit3

115 2943 273 2997 Abreselrius
290 2944 429 3014 (Paraphr.
446 2949 473 2998 et
486 2949 610 2998 annotatt.
627 2946 653 2996 in
687 2942 805 2994 videlicet
826 2943 944 3011 opinatus
969 2947 1009 2996 est
1031 2939 1166 3008 legendum
1196 2936 1225 2992 ὲν

113 3027 165 3096 Ep.
187 3027 219 3080 ad
237 3029 317 3084 licta.
342 3029 425 3096 Lugd.
449 3029 524 3085 1786.
544 3045 570 3099 p.
586 3029 653 3100 380)
687 3023 776 3080 τέλεσι
790 3041 837 3094 pro
853 3024 957 3091 τέλεον,
975 3031 1020 3080 aut
1030 3019 1158 3086 ἅπαντας
1171 3023 1224 3076 sive

113 3127 162 3182 pro
185 3112 386 3182 φοοτιζομένοον
408 3116 502 3168 mavult
530 3117 654 3184 φωτίζον
688 3108 885 3180 &personatus
899 3126 946 3180 pro
962 3106 1114 3174 ἀπιόντας,
1135 3103 1223 3162 auti-

114 3193 167 3266 μὲν
180 3200 457 3268 reponiz-argutiue
471 3217 543 3269 quam
559 3202 653 3255 verius.
687 3194 766 3266 νηόγ.
790 3213 816 3248 ιι.
843 3191 921 3260 deor.
942 3193 964 3252 l.
985 3192 1053 3259 code
1077 3190 1226 3260 προσιέναι

185 3283 227 3338 15.
271 3281 473 3354 φασιζόμενος]
492 3285 525 3339 Η.
538 3284 654 3352 ο.1ιοιιῑί-
688 3278 788 3342 eurota
809 3276 883 3346 ue'lt.
903 3281 976 3352 lculi.
997 3299 1023 3335 ιι.
1042 3279 1113 3335 eete-
1131 3273 1225 3341 οἶκοι,

115 3367 219 3424 raudus.
265 3371 413 3440 Baptizalus
437 3375 521 3423 eutem
549 3373 654 3424 vocatur
688 3365 781 3421 τέλεον
803 3361 835 3420 dl
860 3366 909 3422 ecl
932 3362 1070 3424 λούεσθαι
1097 3357 1226 3424 ἅπαντας

116 3451 274 3521 periodale
300 3454 337 3522 (c.
360 3454 403 3512 65.
428 3469 453 3522 p.
473 3453 516 3508 97.
545 3453 577 3521 C)
607 3469 653 3506 seu
688 3449 756 3513 ende
770 3449 811 3512 εἰς
826 3444 862 3504 τοὶ
878 3447 939 3517 leod
956 3445 1226 3519 αὐταῖνὲιιιβαίνσν·

114 3537 328 3606 πεφωτισμένον
345 3540 423 3606 (Dial.
448 3555 471 3594 c.
490 3539 533 3592 Tr.
552 3553 574 3592 e.
593 3537 651 3591 122.
687 3556 755 3602 νας,
779 3534 847 3603 πρὶν
868 3530 927 3589 oe.
948 3534 994 3592 ἐπὶ
1015 3555 1041 3590 τ.
1068 3533 1131 3604 laed
1154 3532 1227 3588 ἔνθα

114 3624 427 3696 pseudocasti.
446 3623 495 3692 Δ).
525 3622 653 3676 VideSe-
689 3617 971 3688 decempedae-
991 3617 1224 3688 Te'leov(adioe'·

115 3710 204 3764 mium.
241 3711 332 3763 lertio
355 3713 403 3763 der
423 3709 538 3775 Mirtpr.
561 3707 592 3761 P.
617 3707 652 3762 ll.
687 3711 771 3762 εσθαι
785 3704 960 3772 referendum)
976 3710 1016 3759 est
1031 3707 1049 3760 i.
1068 3721 1093 3773 q.
1111 3701 1224 3766 σιλέιοςε

114 3808 141 3864 p.
160 3793 223 3847 428.
242 3793 308 3848 nd.
689 3809 711 3847 e.
728 3793 771 3846 29.
790 3807 816 3860 p.
834 3791 882 3858 71„
896 3791 929 3857 l),
947 3790 1013 3844 Dial.
1032 3806 1055 3844 e.
1072 3789 1116 3842 Tr.
1144 3785 1225 3840 ato.

187 3879 211 3933 1.
231 3877 289 3932 nul
309 3872 343 3931 τὸ
364 3873 485 3943 touepdr
501 3869 537 3943 δή
554 3876 652 3941 τοῦτο]
687 3891 713 3945 p.
724 3871 785 3928 264.
807 3875 841 3944 A,
857 3891 880 3929 e.
894 3873 938 3928 71.
959 3889 985 3943 p.
1002 3873 1063 3928 297.
1081 3873 1114 3927 B.
1138 3871 1171 3926 Ι).
1191 3899 1228 3918 -.

115 3961 174 4016 Noli
194 3964 324 4030 corrigere
338 3961 396 4016 Kal
419 3958 452 4016 ed
480 3957 600 4027 deurode
623 3957 654 4015 ol
679 3955 832 4028 Ἵδοννσσι
845 3959 900 4014 scil.
917 3956 945 4014 ol
959 3958 1103 4024 δαίμονες.

114 4048 212 4102 τοῦτο.
239 4050 305 4103 llam
327 4047 517 4102 aulcenueelit
535 4063 592 4101 oum
606 4061 654 4100 an·
757 4044 783 4100 4.
803 4048 863 4106 noia
879 4036 1152 4109 atteieJSylburgine
1163 4041 1230 4094 mala

115 4134 307 4201 medentibus,
326 4129 361 4201 δὴ
377 4133 451 4186 effert
467 4148 554 4186 vocem
572 4131 654 4186 inter·
687 4134 725 4186 let
761 4134 822 4192 σοῖο
852 4131 933 4190 ναοῖς
962 4126 1002 4180 vel
1030 4131 1090 4189 τοῖς
1122 4129 1227 4195 σηκοῖς,

114 4220 232 4288 positam.
258 4218 320 4274 Vide
336 4218 422 4273 Klotz.
443 4216 474 4272 ad
487 4217 580 4272 lieven.
597 4215 652 4270 Vol.
689 4216 817 4272 Tldrllius
832 4208 866 4270 el
883 4208 953 4268 oded
968 4211 1009 4265 vel
1022 4215 1083 4276 τοῖς
1099 4208 1228 4276 ἀδύτοις,

991 4309 1063 4371 10·
