2910 4774
552 259 763 328 Archadia
790 259 815 322 Ι.
1182 255 1248 327 lta

88 485 92 497 .
133 433 273 496 futuram
288 431 493 512 propheticus
510 433 641 512 spiritus
657 451 717 512 per
733 435 842 494 Mosen
856 433 1169 512 praemonstraverit,
1188 449 1247 496 uua·

132 545 210 606 dite.
255 543 343 604 Dixit
371 545 453 604 enim
477 544 536 604 sic:
565 540 753 607 Descendel
769 541 854 625 ignia
873 563 1001 629 semper
1017 542 1126 608 cicens
1140 544 1171 608 et
1187 539 1248 610 de·

131 649 260 720 eorobii
281 672 382 735 usque
397 649 443 716 od
454 651 549 714 imum
570 649 727 736 abyssum.
771 654 840 714 Non
856 672 934 731 ergo
951 656 1062 716 eadem
1078 671 1136 714 nos
1152 658 1248 732 atque

131 765 188 826 alii
204 765 377 841 opinamur,
401 765 458 824 sed
474 779 581 824 omues
602 766 711 825 nostra
724 765 837 824 imitati
853 764 1040 824 edisserunt.
1072 764 1167 842 Apud
1188 781 1248 826 uos

132 889 211 938 saue
232 874 312 934 baec
332 875 409 934 licet
428 875 539 934 audire
556 876 588 934 et
612 873 736 934 discere
752 873 847 932 abiis
864 874 917 950 qui
934 875 1109 952 neliguras
1123 875 1249 952 quiden

132 986 298 1048 literarum
314 985 447 1062 norunt,
468 984 625 1061 imperitis
643 982 820 1044 homiuibus
839 985 873 1043 et
886 984 993 1061 lingua
1012 985 1168 1062 barbaris,
1190 985 1249 1050 aad
1288 994 1292 1001 ’

132 1101 238 1158 mente
264 1094 459 1172 sapientibus
481 1095 515 1153 et
536 1093 696 1169 fidelibus,
730 1111 861 1169 quorum
884 1095 1027 1154 nonnulli
1048 1095 1102 1154 vel
1124 1093 1248 1156 debiles

133 1206 299 1282 anulisque
322 1204 407 1281 capti
426 1205 513 1264 sunt:
542 1201 588 1261 ita
613 1205 647 1262 ut
667 1203 864 1281 intelligatur
881 1219 944 1265 non
962 1203 1097 1266 humana
1118 1203 1249 1282 sapien-

133 1315 180 1376 tia
195 1314 275 1376 hacc
294 1314 381 1390 ficri,
406 1313 463 1372 sed
477 1312 511 1372 vi
529 1311 582 1372 dei
596 1312 667 1372 dici.

223 1467 273 1527 e1.
296 1465 456 1535 Quomodo
474 1466 577 1524 autem
592 1481 650 1524 nos
667 1465 756 1542 ipsos
772 1466 832 1526 deo
847 1466 1136 1528 consecraverimus
1150 1483 1249 1529 renc-

136 1579 202 1639 uati
224 1593 282 1655 per
307 1575 484 1652 Christum,
508 1591 717 1652 exponemus,
737 1591 792 1651 ne,
818 1577 846 1634 si
869 1577 929 1636 hoc
951 1579 1248 1656 praetermittamus,

135 1689 299 1748 videamur
317 1687 484 1762 quidquam
501 1685 643 1762 improbe
663 1701 760 1762 agere
774 1686 805 1744 iu
824 1687 920 1746 rebus
936 1687 1131 1746 enarrandis.
1170 1687 1248 1756 Qui-

135 1813 257 1873 cunque
279 1812 464 1874 persuasum
485 1775 653 1853 habuerint
670 1797 702 1853 et
721 1795 913 1854 crediderint
935 1813 1012 1854 vera
1040 1811 1111 1854 esse
1129 1811 1248 1872 quaes

134 1907 227 1970 nobis
242 1907 395 1966 docentur
411 1906 444 1962 et
460 1903 613 1981 dicuntur,
635 1907 667 1962 et
684 1907 794 1964 vivere
812 1921 847 1963 se
864 1905 907 1964 ita
922 1921 1019 1982 posse
1035 1907 1248 1984 promiserint,

134 2017 262 2096 precari
276 2019 308 2075 ct
325 2016 499 2082 ieiunantes
515 2013 654 2090 priorum
670 2017 870 2090 peccatorum
886 2015 1009 2074 veniam
1025 2033 1043 2074 a
1059 2015 1119 2074 deo
1135 2018 1247 2093 petere

135 2127 298 2202 docentur,
318 2123 408 2184 nobis
425 2139 492 2183 cum
506 2124 545 2182 iis
562 2139 622 2182 una
637 2123 839 2200 precantibus
855 2127 888 2182 et
901 2123 1121 2186 ieiunantibus.
1148 2124 1249 2189 Dein·

135 2237 177 2297 dc
193 2253 230 2296 eo
249 2236 409 2296 ducuntur·
422 2251 441 2293 a
455 2233 547 2293 uobis
567 2233 620 2293 ubi
637 2251 718 2314 aqua
736 2235 802 2311 est,
824 2235 857 2292 et
871 2233 982 2292 eodem
995 2235 1249 2312 regenerationis
1282 2239 1285 2246 '

134 2447 213 2510 runt,
235 2443 299 2496 hacc
322 2446 378 2511 est,
403 2446 432 2496 ut
452 2440 550 2494 iidem
566 2441 676 2494 habeant
711 2437 769 2495 174.
800 2457 826 2496 n.
853 2440 894 2493 46·
912 2445 938 2494 et
961 2441 1075 2495 Neandri
1096 2444 1166 2512 hilp.
1194 2444 1248 2498 Ge·

134 2529 175 2586 rei
191 2529 360 2594 christianae,
385 2525 559 2595 baptismo
580 2525 611 2578 ud
630 2541 675 2578 rc·
709 2527 823 2579 sciricbte
836 2527 862 2580 d.
880 2527 980 2580 cbriatl.
996 2527 1120 2595 Religion
1134 2546 1162 2584 ιι.
1181 2530 1248 2586 Kira

66 2657 69 2662 .
136 2613 329 2682 generationem
345 2611 488 2679 abluuntur,
508 2612 756 2677 uitampu-cbe
769 2610 809 2664 ed.
824 2609 850 2666 2.
879 2611 950 2664 Secl.
969 2611 990 2664 1.
1017 2611 1088 2665 Tem.
1102 2613 1123 2666 1.
1146 2627 1172 2683 p.
1185 2612 1247 2670 52⁵.

134 2715 205 2755 rann
230 2697 350 2764 deinceps
375 2701 459 2764 agant.
493 2696 522 2750 c.
541 2693 592 2746 66:
617 2695 675 2747 Eo·
709 2710 736 2748 n.
755 2697 778 2750 l.

135 2785 280 2840 choristiue
305 2783 407 2834 alemini
426 2783 487 2834 iicet
508 2796 565 2832 esse
586 2780 675 2848 porti-
777 2777 803 2832 3.
822 2771 884 2845 ὑφ’]
904 2777 1046 2848 Stephon,
1065 2781 1160 2850 (drab,
1178 2781 1248 2836 rm-

136 2871 192 2938 eipi
215 2859 233 2936 ἢ
258 2865 297 2936 τῷ
327 2861 553 2919 πιστεύοντι
581 2860 675 2932 diade}
709 2865 818 2917 lemaun.
843 2863 906 2916 male
923 2857 975 2928 ἐφ’.
1001 2864 1039 2920 Cf.
1058 2866 1140 2918 locum
1156 2869 1247 2935 parali.

135 2950 212 3008 elaea
240 2948 277 3004 rei
305 2949 504 3018 eeencayptvoe’
523 2939 582 3016 ‘nio‘
597 2943 676 3017 ἡμῶν
710 2963 733 3002 c.
755 2946 798 3000 66.
823 2963 848 3015 p.
864 2947 907 3000 97.
931 2947 970 3000 ll:
1003 2945 1039 3002 cci
1061 2950 1249 3020 δεδιδαγμένα

136 3037 187 3092 aul
210 3031 427 3105 λουσαμένῳ
445 3029 477 3088 τὰ
504 3028 576 3102 rialp
602 3029 675 3103 ἆφέ-
710 3028 760 3102 ὑφ’
783 3028 874 3102 ἡμῶν.
911 3033 1006 3086 Similis
1024 3039 1186 3091 commutatio
1207 3043 1249 3094 cat

136 3137 209 3184 deme
232 3115 378 3188 ἁμαρτιῶν
394 3117 443 3173 aul
462 3119 501 3181 ric
520 3115 675 3190 α’νοιγὲννη-
711 3135 733 3174 c.
750 3121 793 3174 21.
813 3135 838 3174 n.
857 3118 881 3172 5.

135 3223 184 3262 σιν
198 3202 362 3270 lectoria
379 3207 427 3258 sul
447 3198 538 3267 οὕτως
552 3207 676 3276 βιοῦν·
778 3201 804 3260 4.
824 3197 958 3271 εὔχεσθαί
979 3222 1009 3258 τε
1028 3203 1076 3260 καὶ
1095 3203 1186 3260 αἰτεῖν
1198 3225 1249 3277 νη-

135 3310 173 3346 τι
192 3285 232 3352 ὥς
250 3285 400 3358 ὁΧριστὸς
415 3287 586 3355 παρέδωκεν.
609 3291 675 3345 nial.
711 3284 858 3351 ortuense
868 3327 874 3340 .
885 3327 892 3340 .
903 3326 909 3340 .
921 3287 1115 3354 διδάσκονται]
1134 3291 1249 3362 Praepa-

137 3392 161 3432 c.
178 3376 222 3432 Tr.
246 3392 269 3431 ο.
285 3377 336 3428 44:
425 3371 463 3430 δι’
484 3366 518 3444 ἦς
543 3369 613 3428 ὁδοῦ
710 3374 776 3458 ratio
798 3373 829 3428 ad
845 3375 996 3444 baptismum
1020 3374 1097 3429 fiebat
1121 3377 1249 3446 precando

87 3511 90 3516 ,
136 3457 217 3523 lireio
233 3461 284 3529 τῆς
299 3461 486 3529 κληρονομίας
501 3459 559 3512 τῶν
575 3477 676 3526 κατηγ-
711 3459 892 3514 etieiuuando.
912 3460 1082 3514 Tertullianus
1096 3461 1126 3515 de
1136 3463 1206 3531 bapt.
1225 3477 1248 3516 c.

136 3543 276 3615 peipioos
300 3542 466 3613 ripaticis·
494 3538 599 3598 ἔστιδ’
623 3538 676 3598 ονίι
710 3543 761 3597 20:
787 3545 973 3614 „Ingressuros
988 3547 1138 3614 baptismum
1153 3548 1250 3600 cratio-

138 3626 208 3698 ἄλλη
223 3623 240 3698 ἢ
253 3624 341 3698 αὕτη,
360 3629 407 3683 ἵνα
423 3629 529 3684 τοῦτον
542 3621 593 3683 τὸν
607 3630 675 3695 Χρι-
711 3629 784 3682 uibus
799 3631 905 3698 crebris,
923 3631 1025 3685 ieiuniis
1042 3635 1068 3683 et
1082 3631 1250 3698 geniculatio-

138 3713 208 3772 στὰν
231 3713 453 3784 ἐπιγνόντες
476 3713 525 3769 aul
547 3709 677 3767 λοντά-
712 3713 786 3766 nibus
805 3717 832 3766 et
854 3714 995 3782 pervigiliis
1012 3729 1086 3768 orare
1109 3717 1251 3782 oportelcl

136 3820 248 3872 prece
273 3796 306 3854 τὰ
331 3793 402 3868 tinio
431 3797 559 3868 ἀφέσεως
583 3791 676 3868 ἆμαρ·
713 3814 770 3850 cum
790 3798 949 3850 confessione
971 3799 1081 3852 omnium
1099 3803 1170 3851 retro
1185 3797 1250 3851 deli·

138 3878 679 3954 τιῶν...λυπρόν-ἀναμαρτήτως
714 3882 841 3936 ciorum.“
873 3881 1022 3936 Constituti.
1049 3885 1131 3949 apost.
1151 3881 1206 3936 Vll.
1225 3897 1249 3937 c.
1361 3897 1373 3900 ’

137 3965 436 4040 ὶνιττόνζήσητε.
470 3971 558 4040 comp.
577 3969 637 4024 ibid.
655 3985 677 4024 c.
713 3967 765 4022 22:
796 3963 856 4034 Πρὸ
873 3962 903 4019 el
925 3965 977 4018 τοῦ
993 3963 1187 4035 βαπτίσματος
1201 3984 1251 4036 νη·

138 4056 167 4110 8.
184 4071 211 4125 p.
227 4055 288 4109 225.
315 4054 345 4110 C.
365 4060 391 4108 et
407 4053 438 4108 de
454 4070 552 4110 resurr.
571 4073 594 4110 c.
610 4055 635 4110 8.
650 4070 676 4124 p.
712 4050 856 4108 οτενοοὶτιο
873 4044 888 4104 ὁ
903 4045 1117 4122 βαπτιζόμενος.
1135 4079 1166 4090 -·
1188 4053 1249 4106 Ste-

139 4138 200 4194 59³.
216 4139 249 4196 E.
268 4139 331 4194 Vide
346 4139 583 4210 praeierealibruna
596 4156 679 4194 mcum
713 4139 811 4208 phanus
839 4151 886 4206 pro
912 4129 1093 4203 νηστεύοντος
1117 4133 1186 4190 dedit
1204 4133 1252 4204 (ex

139 4224 179 4281 ba
194 4225 287 4280 laslini
301 4226 378 4282 lllrrl.
394 4223 495 4292 scriptis
509 4227 535 4280 et
551 4222 632 4278 doctr.
651 4238 677 4294 p.
713 4223 794 4292 lies.)
814 4215 1011 4291 νηστεύοντας.
1228 4215 1233 4221 “
