2914 4774
460 333 465 346 .
482 271 873 346 PRDOEGOMEM.
1158 295 1239 346 sur

125 457 337 532 raum
365 459 604 553 ώμηὶιιω
623 470 668 532 nt
695 463 833 534 luein
861 459 1051 554 mutilium
1104 462 1241 534 Parim

126 609 174 658 ex
199 587 240 658 iia
255 601 356 676 'quae
380 586 541 658 cunetas
564 587 669 658 Moci·
685 589 822 656 dixerat
840 571 1076 676 munerant,
1101 599 1141 658 ut
1164 591 1245 658 cal*v

127 734 211 786 uuor
227 713 401 787 sumt
422 714 484 803 qui
503 716 636 808 templu
660 716 845 808 ingressuri
870 723 967 784 erant
991 714 1037 804 (e.
1057 713 1143 806 ⁰21:
1167 737 1239 786 nou

129 841 223 910 enim
244 839 329 910 deus
352 849 451 931 puter
466 839 562 910 Mori
579 843 741 934 apparuit
765 841 826 911 sed
841 840 950 922 ilium
972 837 1095 908 ludaei
1110 849 1239 928 autern,

127 967 190 1058 qui
209 975 345 1059 patrem
373 965 573 1057 apportare
603 968 747 1054 rolant,
782 989 847 1036 nec
873 975 1008 1060 patrem
1038 991 1104 1037 uec
1128 968 1240 1038 lilim

128 1102 257 1162 norunt
284 1093 334 1182 (c.
348 1089 436 1182 uu).
493 1092 619 1162 Eidem
640 1093 847 1166 daemunuur
875 1093 1018 1162 artificio
1047 1095 1240 1175 attribuen-

127 1219 197 1290 ὼε
219 1227 298 1288 suat
312 1218 451 1288 subolae
465 1217 511 1288 de
525 1220 732 1314 Proserpina
749 1230 788 1290 et
798 1219 957 1290 Minerva
977 1221 1024 1311 (c.
1033 1219 1111 1311 ut).
1147 1223 1242 1290 Pon-

127 1369 170 1416 ru
193 1345 330 1436 Martyr
346 1347 506 1439 exponit,
533 1347 710 1438 momodo
729 1348 923 1416 celebretur
944 1347 1055 1440 prima
1078 1357 1158 1441 post
1173 1349 1240 1418 ba-

127 1473 295 1566 ptismum
314 1472 520 1544 eucharistia
541 1474 587 1562 (c.
602 1470 691 1562 db),
718 1484 754 1542 et
775 1474 860 1563 quid
880 1474 994 1542 valeat
1020 1475 1066 1564 (c.
1089 1473 1176 1566 uu),
1203 1485 1241 1546 et

127 1621 219 1688 quae
242 1606 315 1666 totu
337 1599 381 1667 sit
399 1598 502 1668 series
526 1619 755 1688 eorumquae
777 1600 814 1668 in
834 1601 1019 1691 synaxibus
1046 1603 1242 1674 christiania

127 1733 278 1818 agantur
292 1724 338 1814 (ο.
352 1721 441 1813 οη..

128 1903 135 1908 ·
230 1881 272 1953 Ia
295 1883 514 1953 conclusione
533 1883 757 1977 imperatores
781 1883 944 1956 admonet
960 1896 1018 1976 ut,
1047 1885 1074 1956 si
1091 1911 1131 1956 ea
1150 1911 1239 1980 quac

126 2011 294 2081 hactenus
325 2010 449 2079 dixerit
475 2011 670 2103 spemeuda
692 2012 918 2102 arbitrentur,
954 2015 1074 2084 saltem
1100 2013 1239 2108 capitali

127 2137 302 2232 supplicio
330 2135 436 2229 digna
464 2159 535 2206 non
557 2137 736 2207 videantur
761 2140 806 2228 (c.
825 2137 902 2228 68).
955 2139 1142 2234 Subiungit
1162 2141 1239 2236 epi-

127 2267 251 2336 stolam
273 2263 441 2333 Hadriani
458 2265 494 2332 iu
515 2263 660 2357 gratiam
677 2265 950 2336 Christianorum
976 2266 1101 2336 datam.

455 2487 493 2542 2.
524 2483 719 2556 neclecta
733 2488 917 2554 nennio.

197 2645 200 2651 ·
230 2609 374 2682 Mortuo
391 2611 569 2680 Antonino
587 2611 665 2700 Pio,
692 2614 751 2704 qui
767 2613 1044 2706 persecutionem
1061 2635 1242 2706 compres-

127 2749 240 2827 serat,
266 2739 330 2809 snb
348 2737 508 2830 auspiciis
528 2737 643 2806 Marci
660 2739 812 2826 Aurelii,
833 2739 1126 2832 pbilosophorum
1143 2739 1241 2808 Stoi-

128 2889 249 2936 corum
280 2865 424 2934 consilia
456 2865 626 2954 sequentis
654 2889 694 2932 ac
722 2866 850 2958 patrias
878 2864 1098 2933 caerimonias
1123 2873 1240 2934 sancte

127 2992 309 3077 servantis,
343 2991 495 3080 undique
521 2990 558 3057 in
588 2991 755 3060 ultionem
778 2990 1050 3060 Christianorum
1075 3013 1241 3083 resurge-

126 3119 212 3186 bant
241 3125 461 3186 accusatores.
515 3116 650 3200 Quibus
673 3118 861 3209 imperator
890 3113 988 3184 laena
1009 3137 1088 3184 nun
1110 3116 1239 3186 iniecit.

126 3245 275 3314 lustinus
302 3244 408 3335 igitur
428 3243 481 3310 illi
504 3243 705 3334 imperatori
730 3243 892 3312 ctLucic
915 3243 1009 3312 Vero
1023 3243 1240 3336 Apologiam

131 3371 267 3440 obtulit.
320 3371 361 3438 ln
379 3370 452 3438 eius
477 3369 624 3438 exordio
651 3369 804 3448 declarat
828 3371 986 3439 homines
1005 3371 1184 3462 improbos
1204 3379 1241 3438 et

131 3497 318 3568 daemones
347 3519 491 3590 operam
518 3496 729 3588 coniungere
754 3496 801 3565 ad
831 3495 1042 3566 occidendos
1072 3497 1241 3566 Christia-

128 3644 191 3692 nos
216 3624 261 3714 (c.
279 3623 330 3712 1),
354 3633 456 3713 atque
474 3622 576 3692 huius
595 3623 646 3690 rei
663 3623 879 3692 manifestum
896 3631 1136 3715 argumentum
1152 3645 1242 3713 pro-

126 3747 196 3817 fert
218 3770 263 3818 er
283 3732 426 3818 historia
446 3749 550 3816 trium
571 3748 789 3833 hominum,.
814 3749 875 3838 qui
900 3751 1018 3841 paucis
1054 3757 1134 3816 ante
1163 3747 1240 3814 die·

128 3873 193 3942 bua
212 3873 259 3942 ob
277 3874 386 3944 solam
402 3874 529 3944 Ghristi
546 3873 691 3942 nominis
708 3873 959 3944 confessionem
977 3873 1148 3966 supplicio
1168 3880 1243 3940 tra-

127 3997 192 4068 diti
215 3997 363 4070 lnerant.
414 4001 554 4070 Etenim
577 3999 702 4070 nulio
718 3999 889 4088 quaedam
904 4001 988 4070 olim
1008 3999 1241 4090 intemperan-

126 4123 196 4198 tiae
212 4123 353 4213 dedita,
377 4147 484 4216 quum
504 4125 741 4194 al’tolenaaeo
758 4125 803 4193 ad
822 4125 952 4195 Christi
966 4125 1071 4194 tidem
1090 4122 1241 4193 adducta

128 4250 317 4324 castitatem
335 4251 499 4350 deinceps
516 4251 659 4340 coleret,
682 4251 794 4322 mariti
809 4274 947 4350 quoque
964 4252 1076 4324 vitiosi
1092 4251 1242 4328 amarum
