2910 4774
534 286 742 351 APOLOGIA
772 288 811 349 11.
1168 287 1228 353 lei

117 462 216 541 igitur
235 477 274 522 ee
296 459 378 538 fugit
400 473 481 536 quae
503 459 650 521 videntur
671 459 823 538 pulchra,
845 476 884 520 ea
902 460 1005 522 autern
1027 463 1229 539 persequitur

117 589 200 649 quae
215 573 294 632 dura
310 573 343 631 et
358 569 457 630 stulta
473 571 701 650 existimantur,
720 569 803 630 hunc
818 586 877 648 pro
892 572 980 630 certo
995 572 1135 633 tenemus
1149 573 1230 633 bea-

116 685 182 742 tam
203 683 301 741 vitam
317 682 504 759 adepturum
519 698 601 740 esse.
630 680 709 740 Nam
727 680 853 758 vitium,
872 681 1038 758 postquam
1054 683 1230 744 actionibus

117 792 186 852 suis
207 793 362 868 tamquam
384 792 628 868 integumentum
653 807 705 869 ea,
728 807 808 866 quae
835 769 940 850 insunt
961 792 1073 852 virtuti
1093 808 1131 852 ac
1151 809 1230 853 vere

117 901 202 962 bona
225 903 313 979 sunt,
337 901 511 960 imitatione
530 917 635 962 rerum
653 900 934 977 incorruptibilium
949 901 1091 962 obtendit
1107 903 1230 976 (incor-

118 1012 272 1090 ruptibile
296 1012 377 1071 enim
398 1011 477 1070 nihil
498 1010 596 1070 habet
622 1013 676 1071 aut
701 1009 808 1070 faeere
831 1013 965 1090 potest),
986 1012 1018 1071 in
1032 1013 1231 1086 ‚servitutem

117 1123 237 1199 redigit
252 1121 391 1182 homines
407 1121 491 1182 humi
506 1120 637 1199 affixos,
662 1121 861 1182 inhaerentia
874 1122 936 1181 sibi
955 1123 1038 1182 mala
1053 1123 1164 1184 virtuti
1178 1121 1231 1181 af}

74 1249 78 1256 ’
118 1233 251 1309 tingens.
288 1232 375 1292 Vera
391 1234 495 1292 autem
512 1231 639 1292 virtutis
652 1229 737 1290 bona
750 1231 999 1291 internoscentes
1014 1232 1109 1291 etiam
1124 1233 1231 1292 ineer—
1299 1223 1301 1229 ’

118 1343 207 1420 rupti
223 1344 295 1404 sunt
317 1359 376 1420 per
399 1342 502 1418 illam3
526 1341 611 1416 quod
624 1341 749 1416 quidem
764 1341 796 1400 et
814 1341 853 1402 de
867 1339 1055 1402 Christianis
1077 1343 1110 1402 et
1124 1341 1231 1402 athle-

120 1452 162 1512 tis
178 1455 210 1512 et
226 1453 265 1512 iis
278 1452 454 1512 hominibus
471 1452 523 1528 qui
539 1451 617 1510 talia
633 1451 818 1528 gesserunt,
839 1451 943 1526 qualia
958 1454 1073 1528 poetae
1089 1453 1231 1529 scripse·

119 1564 194 1622 runt
213 1563 253 1622 de
279 1562 415 1639 opinatis
439 1561 515 1638 diis,
552 1576 615 1619 non
637 1559 864 1619 insulsissimus
892 1561 1023 1636 quisque
1048 1561 1231 1621 existimare

120 1671 234 1748 debet,
254 1670 316 1731 hoe
333 1671 443 1731 duetus
458 1671 660 1748 argumento,
680 1670 764 1747 quod
778 1671 910 1731 mortem
923 1686 1002 1748 quae
1016 1669 1166 1748 fugienda
1178 1671 1230 1730 vi·

120 1779 215 1840 detur
232 1782 473 1841 contemnamus.

210 1935 260 1992 12.
286 1931 364 1992 Nam
380 1937 413 1993 et
430 1933 501 2011 ipse
524 1949 603 2012 ego,
628 1949 720 2009 quum
740 1932 884 1993 Platonis
908 1933 1087 1994 delectarer
1110 1908 1230 1996 doctri-

121 2060 172 2120 na,
187 2043 389 2119 audiremque
406 2044 640 2104 criminationes
657 2059 737 2118 quae
759 2043 791 2102 in
808 2041 1004 2103 Christianos
1021 2043 1230 2122 laetabantur,

121 2170 179 2213 eos
195 2155 298 2212 autem
314 2153 354 2212 ad
370 2155 501 2213 mortem
516 2157 704 2229 caeteraque
722 2154 824 2213 omnia
840 2169 919 2228 quae
936 2153 1094 2213 terribilia
1115 2157 1231 2231 putau-

121 2265 174 2324 tur
188 2263 363 2342 impavidos
376 2280 555 2343 cernerem,
575 2263 791 2342 intelligebam
805 2262 875 2325 fieri
888 2279 949 2322 non
964 2278 1061 2341 posse
1076 2266 1110 2325 ut
1124 2265 1156 2326 in
1173 2275 1232 2326 ne'·

122 2469 221 2524 Goezio
241 2473 358 2538 excepto.
375 2467 442 2525 (tier.
464 2472 571 2539 praebet
586 2463 661 2526 duo·
696 2471 819 2527 Braunio.

122 2555 221 2624 λαβεῖν
240 2553 397 2610 deteruisse
416 2551 548 2624 inproprie
563 2551 661 2612 ἕλκον·
766 2559 791 2613 1.
812 2554 870 2612 Kal·
889 2553 946 2626 peip
1014 2550 1246 2626 eoosodpu6p8·‘

121 2657 174 2706 τοι,
193 2643 229 2694 ita
248 2645 351 2709 tamen,
367 2645 397 2693 ut
420 2653 484 2710 quse
500 2641 582 2694 scriba
598 2643 662 2694 omi·
695 2643 761 2710 ccv]
772 2643 865 2695 (litavit
872 2643 935 2694 haec
942 2641 1018 2694 verbe
1028 2640 1153 2694 Eusebius
1162 2643 1231 2698 nist.

122 2729 159 2782 sit
182 2727 351 2780 exhibeantur
373 2727 400 2778 in
422 2726 536 2793 margine
558 2726 589 2778 ab
613 2725 662 2778 alie
696 2729 758 2782 eccl.
773 2729 816 2782 lv.
840 2725 963 2794 e.8(ed.
982 2726 1133 2780 Heinichen.
1159 2727 1231 2782 Tem.

120 2827 207 2866 mauu.
234 2811 369 2864 Perionius
389 2825 436 2880 pru
456 2806 510 2877 ἔχει
527 2807 662 2876 legendum
695 2813 722 2884 l)
736 2829 762 2882 p.
777 2812 893 2880 Sitsq..
910 2839 947 2848 -
972 2809 1132 2864 Clarissimus
1147 2815 1232 2864 autem

122 2891 343 2963 arbitraturleu‚
362 2897 429 2965 quod
443 2895 475 2949 sd
490 2887 661 2962 sequenssst·
696 2903 737 2952 est
758 2900 829 2952 loeus
861 2896 892 2949 de
921 2899 1060 2962 martyrum
1090 2896 1233 2948 constantia

121 2978 471 3050 arcesseremusne
495 2978 611 3036 ἕλκοντα
629 2978 663 3032 sit
697 2987 801 3053 eiusque
827 2983 907 3036 iente.
950 2979 988 3034 ci.
1011 2978 1087 3046 Apol.
1105 2979 1136 3040 1.
1151 2993 1174 3033 c.
1189 2978 1232 3032 25.

123 3068 284 3120 distrahunt.
318 3067 470 3134 Sylburgius
491 3081 539 3134 pro
560 3061 591 3118 ἐκ
610 3063 663 3117 τοῦ
696 3087 723 3140 p.
739 3070 782 3124 69.
797 3068 830 3135 B,
847 3065 913 3120 Dial.
929 3081 951 3119 c.
962 3064 1006 3117 Tr.
1025 3079 1048 3117 c.
1059 3064 1117 3117 iio.
1134 3079 1159 3132 p.
1170 3059 1231 3119 337.

122 3148 173 3205 sat
185 3151 237 3204 τοῦ
252 3151 377 3219 φευκτοῦ
391 3150 549 3204 commendat
563 3145 663 3204 εὖκτοῦ
697 3157 730 3225 Β,
749 3171 771 3210 ο.
784 3153 842 3208 119.
858 3167 884 3220 p.
896 3147 957 3203 eis.
975 3147 1008 3215 A,
1028 3163 1050 3202 c.
1063 3147 1122 3201 131.
1135 3164 1161 3216 p.
1170 3147 1231 3202 860.

122 3235 173 3290 set
197 3231 231 3288 cri
249 3237 383 3302 φευκτοῦ.
419 3237 555 3304 Ingeniose
580 3239 664 3288 sutem
699 3241 728 3295 c,
745 3268 778 3279 -
804 3237 889 3291 Aliter
903 3233 1011 3301 gentiles
1028 3233 1059 3285 de
1073 3234 1123 3286 ists
1137 3231 1233 3284 iudica-

9 3361 10 3368 .
124 3322 253 3376 Thirlbius
275 3336 322 3390 pro
344 3311 398 3375 oris
413 3316 467 3387 ἔιει
489 3319 664 3387 retingendum
697 3326 769 3379 bant,
808 3320 980 3374 Tertullianus
1006 3317 1116 3385 Apolog.
1142 3334 1164 3372 e.
1183 3317 1233 3370 27:

9 3463 11 3476 y
124 3410 215 3460 censet
230 3407 365 3476 νουνιχῆ,
392 3406 458 3474 quod
483 3420 570 3460 omncs
588 3407 662 3472 post·
699 3408 826 3478 „Quidam
837 3403 988 3457 dementiam
999 3403 1154 3470 existimant,
1167 3401 1235 3470 quod

124 3492 173 3544 hac
198 3490 309 3545 editores
332 3507 459 3546 consensu
481 3488 662 3558 comprobave—
697 3510 753 3546 cum
768 3491 894 3560 possimus
914 3491 941 3542 et
954 3485 1098 3540 sacrificare
1115 3487 1142 3539 in
1156 3501 1235 3556 prae.

122 3579 194 3631 runt.
213 3605 249 3618 -
288 3577 453 3630 lieumsnuus
474 3573 505 3642 (1.
523 3589 546 3627 c.
567 3587 594 3640 p·
611 3569 663 3625 227
697 3578 781 3646 senti,
800 3580 827 3630 et
848 3573 929 3628 illaesi
944 3571 1013 3626 abire
1031 3575 1149 3625 manente
1168 3571 1234 3639 apud

124 3660 180 3730 sq.)
198 3661 275 3716 nimia
292 3677 354 3716 usus
371 3659 510 3714 mutatione
525 3661 607 3710 totum
623 3656 663 3710 lo·
698 3663 808 3716 animum
821 3659 962 3729 proposito,
980 3656 1173 3708 obstinationem
1191 3671 1234 3708 sa-

124 3763 183 3800 cum
197 3747 233 3798 ita
249 3747 398 3800 coustituit:
417 3737 433 3799 ὁ
449 3763 475 3798 κ.
493 3741 664 3808 mlle-,suiv
697 3747 745 3799 luti
757 3742 959 3814 praeferamus.“
988 3740 1016 3793 (t.
1030 3739 1081 3792 50:
1103 3740 1233 3808 „Propte-
1295 3749 1297 3754 '

124 3824 315 3886 ἇπλοττάτων
342 3829 402 3901 [sie]
426 3823 591 3897 ricbertum
615 3824 664 3880 nol
697 3847 744 3884 rea
774 3827 902 3897 desperati
930 3828 957 3876 et
983 3823 1076 3891 perditi
1102 3823 1234 3876 existima-

10 3953 12 3958 .
123 3912 163 3986 μὴ
180 3918 301 3972 τοιαῦτα
316 3914 500 3985 πραξάντων,
519 3905 643 3969 ὁποῖα..
636 3949 661 3963 ..
698 3912 784 3968 mur.“
817 3911 895 3965 Plura
916 3907 985 3962 dedit
1004 3906 1122 3962 Gieseler
1138 3907 1233 3963 lebet.

124 4002 261 4070 νοονοιῆ,
286 3999 316 4058 ἐκ
337 4003 389 4056 τοῦ
412 3999 461 4056 sul
483 3993 590 4060 αὐτους
611 4011 664 4049 κα-
699 4001 725 4052 d.
747 3995 950 4062 Kircbecpescb.
976 3992 1086 4048 Tom..l
1119 3993 1191 4048 sect
1199 3995 1232 4060 1.
1304 4024 1305 4028 =

11 4063 15 4140 f
125 4091 280 4155 ταφοοντιν
301 4083 433 4142 θανάτου
452 4090 519 4142 οῑο..
539 4113 575 4126 -
610 4082 663 4135 De-
699 4081 739 4138 ed.
755 4078 781 4136 4.
797 4095 823 4150 p
835 4077 893 4132 170.
912 4093 938 4132 n.
955 4074 998 4130 22.

125 4171 203 4240 nique
225 4173 355 4227 articulus
374 4174 427 4228 τοῦ
451 4176 510 4227 ante
537 4165 664 4238 φευκτοῦ
767 4165 793 4221 2.
812 4160 960 4228 dtffluseb.
974 4159 1074 4218 ituci.
1097 4137 1235 4234 Moxepud

124 4271 261 4330 perperam
286 4245 395 4316 omissus
418 4261 458 4314 est
477 4269 491 4312 s
508 4255 618 4311 hierem
638 4257 665 4308 et
699 4251 814 4311 eumdem
830 4250 903 4306 deust
917 4242 996 4304 citio.
