2900 4776
536 209 744 276 APOLOGIA
767 209 790 274 1.
1160 205 1224 276 lli

110 399 155 444 ex
172 383 337 460 gentibus,
361 399 455 459 quum
468 381 547 442 nihil
562 401 695 459 unquam
712 383 752 444 (le
766 381 894 444 Christo
911 353 1123 461 audivissent,
1144 400 1225 460 quo-

111 495 154 570 ad
174 495 214 554 de
236 495 305 554 eius
327 494 423 554 rebus
445 494 585 570 apastoli
602 493 831 572 Hierosolymis
845 493 983 572 proiecti
998 495 1178 554 nuntiarunt
1193 495 1227 554 et

111 603 303 682 prophetias
326 604 543 681 tradiderunt,
572 604 688 681 gaudia
713 607 745 664 at
767 605 829 665 aas
843 605 930 682 pleni
944 605 1082 665 nuntium
1095 605 1227 664 simula·

113 715 180 774 aris
192 715 381 774 remiserunt
397 717 428 774 et
452 715 592 792 ingenita
613 715 673 774 dea
686 730 744 792 per
762 713 921 775 Christum
942 731 978 774 ss
993 716 1229 774 conseerarunt

115 824 207 894 Quod
230 827 334 884 autem
356 825 592 903 praecognitum
608 827 678 884 erat
698 824 834 884 nefanda
855 827 917 885 ista
936 825 1065 886 erimina
1083 839 1230 901 sparsum

114 935 157 994 iri
171 935 326 994 adversus
342 951 398 994 eas
414 935 466 1010 qui
484 933 642 994 Christum
658 935 859 1012 confitentur,
880 951 917 994 aa
931 934 1067 994 miseros
1083 933 1154 993 fars
1171 949 1228 994 eas

115 1047 172 1122 qui
187 1045 275 1104 illum
290 1045 465 1104 maledictis
481 1047 634 1121 appetunt
650 1048 683 1105 st
697 1047 810 1105 vetera
824 1045 969 1104 instituta
983 1059 1114 1102 servare
1130 1059 1228 1122 prae·
1295 1042 1298 1047 '

115 1153 236 1216 alarum
260 1172 332 1216 essa
350 1155 510 1232 dictitant,
536 1155 644 1215 audite
667 1171 706 1214 aa
728 1170 808 1230 quae
826 1154 968 1213 breviter
983 1154 1067 1212 dista
1082 1155 1155 1212 sunt
1169 1167 1229 1230 per

115 1265 262 1326 Iesniam.
300 1265 379 1325 Sunt
405 1265 501 1326 hasa:
531 1260 595 1328 Vae
616 1261 672 1348 qui
687 1260 800 1328 dicitis
822 1259 918 1328 dulce
933 1279 1076 1326 amaram
1092 1262 1125 1325 et
1142 1276 1230 1324 ama·

115 1395 190 1440 ram
204 1371 309 1438 dulce.

206 1489 256 1546 50.
278 1484 368 1554 Quod
384 1487 486 1546 autem
501 1487 533 1546 sl
551 1485 717 1564 pronubis
735 1484 828 1546 homa
847 1482 949 1544 iaetus
965 1485 1033 1562 pati
1049 1485 1081 1544 et
1094 1483 1231 1562 ignomi-

115 1598 172 1659 nis
188 1597 274 1658 affini
288 1597 453 1675 sustinuit,
477 1599 510 1656 et
530 1597 644 1656 iturum
661 1611 729 1655 aum
745 1595 850 1672 gloria
867 1596 1019 1654 venturus
1037 1595 1103 1670 est,
1124 1593 1231 1652 audita

116 1709 207 1772 edita
222 1707 261 1767 de
282 1707 343 1766 has
364 1724 400 1766 rs
422 1707 581 1766 vaticinia.
625 1705 703 1765 Sunt
717 1705 812 1764 hasa:
838 1698 906 1765 Pro
928 1721 969 1766 aa
980 1698 1066 1786 quad
1082 1697 1233 1764 tradide-

116 1819 197 1880 runt
220 1815 255 1914 fa
276 1815 411 1879 moriem
433 1813 572 1879 animam
597 1812 685 1892 eius,
708 1815 740 1877 el
757 1831 827 1876 aum
842 1809 964 1895 iniquis
981 1812 1152 1897 reputatus
1172 1811 1232 1886 esi,

117 1927 192 2015 ipse
202 1928 340 2014 peccata
351 1924 523 1992 multarum
537 1922 679 2010 suscepit
692 1924 724 1987 ei
735 1921 856 2006 iniquis
868 1921 1037 2008 propitius
1051 1919 1123 1986 erit.
1145 1917 1234 1986 Ecce

118 2038 204 2104 enim
218 2035 378 2120 intelliget
393 2055 474 2122 puer
490 2055 587 2112 meas,
608 2036 641 2098 ei
653 2030 853 2097 exallabitur
867 2035 897 2096 et
909 2028 1148 2120 glorificabitur
1162 2027 1245 2094 aal-·

118 2148 173 2214 de.
200 2144 471 2224 Quemadmodum
489 2142 663 2232 stupebunt
679 2139 933 2228 superlemmlli
948 2143 1070 2205 -iam
1089 2139 1233 2224 ingloria

119 2259 189 2330 erit,
203 2257 244 2323 ab
267 2253 444 2320 lainiailas
467 2254 591 2342 species
609 2257 667 2320 aaa
685 2256 719 2318 el
734 2251 841 2338 gloria
863 2254 923 2316 lua
943 2249 983 2315 ab
998 2249 1179 2316 haminibus
1192 2283 1235 2298 -

119 2368 172 2434 sia
190 2366 391 2432 mirabuntur
405 2369 517 2452 gentes
531 2363 669 2440 mellae,
690 2365 721 2428 et
737 2360 942 2426 continebunt
956 2381 1048 2445 reges
1065 2367 1108 2424 'as
1125 2379 1235 2424 saum:-

120 2479 199 2568 qm‘a
215 2477 329 2564 quibus
353 2475 396 2542 de
414 2497 450 2542 eo
473 2497 536 2540 aaa
556 2478 605 2541 esl
621 2471 845 2538 adnuntiatum
863 2470 1036 2546 videbunt,
1058 2475 1090 2536 et
1104 2469 1160 2558 qai
1172 2489 1237 2534 aaa

121 2589 299 2658 audierunt
314 2585 506 2670 intelligent.
538 2583 685 2655 Domine,
708 2583 780 2668 quis
799 2581 943 2648 credidit
957 2580 1089 2646 usmitai
1104 2577 1237 2644 nostra?

121 2693 355 2768 Eturamina
379 2695 502 2761 damini
522 2695 576 2760 eui
596 2693 770 2760 revelatum
793 2691 871 2758 est?
893 2689 1164 2754 Adnanaavimas
1185 2709 1237 2753 ca-

122 2833 194 2876 ram
210 2833 247 2874 ea
265 2812 427 2893 tamquam
447 2805 621 2893 puerulus,
644 2807 805 2890 tamquam
823 2799 974 2867 radiatim
994 2803 1085 2864 terra
1102 2797 1237 2862 sitienti.

123 2922 200 2988 Nan
220 2923 270 2986 esi
290 2919 414 3006 species
430 2918 461 2983 ei
480 2939 580 3003 neque
595 2914 721 3000 gloria3
743 2917 775 2978 el
788 2909 927 2978 vidimus
944 2930 1029 2990 eum,
1053 2911 1087 2972 et
1103 2927 1164 2971 aaa
1179 2905 1240 2971 lta·

125 3034 223 3118 hebal
237 3031 377 3120 speeiem
391 3049 492 3114 meque
508 3027 669 3102 cleasrem,
692 3022 752 3090 sed
767 3021 892 3111 species
910 3020 980 3086 eius
996 3019 1185 3084 inhonorata
1205 3018 1238 3081 ei

125 3143 281 3233 defitiens
303 3163 385 3228 prae
407 3136 595 3204 haminibus.
641 3133 747 3201 Hama
764 3133 799 3198 ia
822 3131 925 3220 plaga
939 3129 1069 3218 pasilms
1090 3125 1239 3194 eliciens

114 3254 215 3346 serre
227 3251 467 3342 infirmitatem,
488 3248 566 3336 qaia
588 3267 701 3346 auersa
723 3239 890 3332 estsaaies
905 3241 992 3320 elas,
1014 3237 1170 3326 despecta
1183 3258 1239 3303 ae·

125 3427 163 3496 [a.
181 3423 227 3494 25]
245 3439 272 3492 p.
288 3421 331 3477 69.
350 3421 391 3488 Β;
414 3420 532 3474 simililer
548 3419 614 3471 inira
631 3417 666 3487 [a.
702 3418 748 3471 hro
772 3413 890 3484 sequenti
913 3417 940 3468 el
959 3410 1026 3467 Diei.
1051 3425 1074 3466 s.
1092 3407 1136 3462 Tr.
1153 3423 1176 3462 s.
1196 3405 1238 3461 ts.

124 3511 173 3579 61]
191 3525 218 3578 p.
235 3508 279 3564 93.
294 3509 327 3562 D.
358 3505 481 3560 Gratiam.
510 3503 583 3558 Adde
600 3501 667 3557 nial.
702 3500 802 3572 luiso.
820 3501 854 3556 A.

126 3613 150 3652 a.
168 3596 214 3650 Tr.
231 3611 254 3648 a.
270 3594 312 3648 11.
331 3607 357 3662 p.
372 3589 434 3645 229.
455 3589 489 3644 A.
770 3585 796 3640 s.
818 3577 953 3651 ὄψονται]
970 3580 1026 3634 Has
1042 3579 1147 3632 verbam
1167 3572 1241 3624 deest

196 3678 223 3732 9.
244 3671 476 3746 Ov'al...yimm‘]
493 3673 569 3728 lesui
584 3669 610 3740 5,
624 3671 668 3724 20.
702 3675 730 3726 in
746 3669 818 3724 sadi.
831 3668 903 3722 mstis
920 3669 947 3718 st
966 3658 1059 3716 editis.'
1077 3655 1242 3711 Confidenisr

200 3805 212 3858 ¹
253 3799 325 3858 m,
394 3797 548 3869 ἐξάάσπαι
564 3791 670 3852 -Ἴδε
703 3753 823 3824 reposui,
851 3749 917 3820 quad
938 3761 996 3840 uon·
1013 3738 1174 3840 salumspud
1190 3737 1241 3791 Se-

218 3847 225 3862 ‘
703 3840 835 3911 ptusginis
850 3835 919 3903 (sins
937 3831 1054 3882 lectionis
1070 3819 1242 3889 diversitate),

127 3883 272 3962 “lffl
301 3889 376 3945 lem·
402 3887 446 3957 ὁδ’
468 3887 500 3939 ¹²
523 3889 550 3938 ‘t
574 3881 669 3952 52'13
704 3938 792 3978 serum
812 3919 888 3972 etiam
907 3915 941 3980 in
960 3910 1031 3965 Dial.
1051 3923 1075 3960 s.
1092 3906 1136 3959 Tr.
1156 3920 1178 3956 a.
1200 3903 1241 3957 ts.

126 3977 223 4046 -ss,
242 3975 268 4032 ⁸·
704 4022 730 4076 p,
746 4005 805 4059 eso.
824 4002 858 4055 A.
878 4005 904 4052 es
921 3988 1178 4058 0.118.n·³4⁶·⁰·
1195 4002 1243 4040 ex-

207 4104 233 4158 2.
258 4096 317 4157 siai
344 4095 517 4170 ἀνθρώπων]
548 4097 671 4152 Fortasse
705 4093 766 4144 slei.
789 4087 872 4142 Error
889 4100 903 4138 u
918 4079 1023 4136 libraria
1038 4073 1186 4128 commissus
1203 4075 1245 4124 est

129 4185 190 4248 aial
214 4190 273 4245 sais
294 4181 477 4256 ἀνθρώπων,
500 4187 530 4238 ut
546 4184 573 4236 in
591 4196 671 4235 mem·
707 4174 738 4228 ab
753 4172 848 4247 similes
862 4169 971 4238 syllabas
984 4191 1019 4206 -·-
1029 4177 1081 4221 ‚aas
1097 4159 1124 4211 et
1138 4153 1195 4210 sai.
