2900 4776
549 241 761 316 Arououlu
785 243 808 306 Ι.
1176 245 1236 312 121

111 410 276 502 portabit.
308 410 488 502 Propterea
500 413 572 502 ipre
584 413 770 498 pooeidedit
787 413 905 480 multoe
918 418 950 482 et
955 410 1098 504 sortium
1113 415 1240 484 diuidet

112 523 244 612 spolio,
274 544 336 611 pro
349 546 386 589 eo
404 523 489 610 quod
504 523 631 590 trudito
653 529 703 592 eet
717 527 753 590 iro
767 529 898 592 mortem
918 527 1026 593 auimo
1048 529 1134 606 eiue,
1158 532 1190 594 et
1203 529 1237 594 iu

115 633 245 721 iniquis
258 637 434 722 reputetur
450 638 511 713 eet,
529 639 560 700 et
581 635 655 722 ipse
670 640 808 722 peccota
827 636 999 702 multorum
1019 637 1097 703 tulit
1114 643 1147 705 et
1159 659 1239 726 pro·

110 749 195 834 pter
211 745 402 830 iniquitates
417 767 524 811 eorum
539 745 687 811 truditur
708 751 766 812 eet.
802 748 881 810 Eum
895 768 974 810 vero
994 753 1088 812 etiam
1109 753 1141 812 in
1161 769 1238 813 ooo·

113 860 183 920 lum
206 858 431 918 adscensurum
450 875 539 937 esse,
562 859 717 935 quomodo
740 860 782 918 sit
796 861 1008 939 praedictum,
1037 863 1152 922 audite.
1186 862 1241 923 Sio

115 970 317 1030 dictumest:
347 963 464 1029 Tollite
476 969 591 1052 portos
612 965 787 1043 coetorum,
810 968 991 1053 operimini,
1016 971 1053 1033 ut
1069 968 1238 1054 ingredio-

115 1080 175 1142 tur
192 1097 255 1140 rex
269 1073 401 1160 gloriae.
444 1073 525 1150 Qote
541 1079 590 1141 eut
603 1076 735 1143 intereo
749 1076 900 1162 gloriae?
921 1077 1078 1143 Dominus
1083 1076 1188 1167 sortis
1202 1081 1235 1144 et

117 1185 270 1251 deminuo
293 1189 416 1272 potens..
465 1187 624 1258 Quomodo
648 1193 752 1250 eutem
776 1208 794 1251 e
819 1193 917 1252 ooelis
942 1209 1066 1268 quoque
1083 1195 1236 1252 venturus

116 1302 249 1362 situum
271 1300 393 1376 gloria,
415 1301 616 1376 auditoquae
641 1301 681 1360 de
706 1301 767 1361 huo
792 1318 829 1361 re
852 1302 936 1361 diota
963 1304 1035 1362 suut
1059 1319 1119 1379 per
1146 1301 1239 1361 lere·

116 1412 214 1472 mium
235 1409 431 1488 prophetam.
473 1409 551 1470 Sunt
575 1410 671 1470 haee:
694 1407 783 1473 Eece
806 1411 966 1494 tamquam
978 1407 1078 1498 fliius
1092 1408 1231 1474 hominio

115 1518 208 1584 uenit
224 1537 324 1601 nuper
338 1515 473 1582 nudibus
490 1515 580 1596 coeti,
601 1520 634 1582 ot
648 1517 757 1602 argeti
772 1517 842 1585 eiue
857 1539 926 1583 oum
940 1539 987 1584 oo.

211 1744 262 1801 52.
285 1739 435 1811 Quoniam
452 1739 548 1819 igitur
565 1756 645 1818 quae
661 1740 722 1800 iam
737 1743 910 1802 evenerunt
925 1741 1027 1802 omniu
1043 1739 1239 1802 ostendimus

118 1853 214 1932 prius
231 1867 323 1929 quam
341 1853 503 1911 evenirent
521 1853 686 1929 praedicta
700 1869 759 1930 per
775 1852 950 1930 prophetas
966 1851 1084 1928 fuisse,
1107 1865 1240 1910 neeesse
1318 1828 1320 1831 ¹

119 1966 174 2026 est
202 1963 297 2022 etiam
319 1977 357 2020 ea
381 1977 461 2038 quae
482 1963 627 2022 similiter
652 1963 815 2040 praedicta
837 1964 926 2040 suut,
952 1962 1120 2038 aliquando
1137 1963 1243 2021 autem

119 2074 283 2149 evenient,
308 2072 431 2132 omniuo
446 2075 598 2133 eventura
614 2073 754 2132 eredere.
784 2072 1046 2142 Quemadmodum
1064 2071 1145 2132 enim
1160 2049 1241 2147 uuae

119 2185 186 2244 iam
200 2186 376 2244 evenerunt
392 2185 555 2261 praedicta
568 2187 601 2243 et
615 2185 761 2262 ignorata
779 2185 970 2260 evenerunt,
992 2182 1037 2241 ita
1053 2181 1147 2240 etiam
1162 2196 1243 2256 quae

119 2294 250 2370 reliqua
281 2295 372 2372 sunt,
399 2293 540 2370 quamvis
568 2295 752 2372 ignorentur
781 2310 841 2354 neo
864 2293 1051 2370 ereduntur,
1085 2291 1242 2351 evenient.

119 2405 212 2465 Duos
229 2403 310 2462 enim
330 2403 415 2462 illius
434 2405 588 2465 adventus
603 2405 830 2482 praedixerunt
847 2402 1041 2482 prophetae:
1064 2419 1157 2462 uuum
1172 2402 1243 2477 qui-

121 2516 207 2591 dem,
225 2513 279 2589 qui
293 2513 354 2572 ium
371 2513 529 2574 exhibitus
545 2517 604 2591 est,
630 2517 786 2592 tamquam
802 2515 944 2604 despeoti
958 2517 991 2574 et
1004 2512 1167 2592 passibilis
1181 2511 1244 2572 ho·
1349 2517 1353 2525 “

121 2625 236 2701 minis,
267 2623 400 2683 altorum
424 2626 545 2702 autem,
575 2627 698 2701 quando
722 2643 791 2686 oum
815 2626 954 2703 gloriae
977 2625 1075 2685 coelis
1100 2639 1162 2683 una
1176 2639 1244 2682 uum

121 2735 272 2813 angelico
285 2735 385 2812 ipsius
402 2735 544 2794 exercitu
563 2736 756 2796 adventurus
773 2735 983 2813 praedicitur:
1007 2733 1133 2809 quando
1150 2733 1243 2792 etiam

121 2862 266 2923 corpora
284 2844 491 2903 exsusoitabit
512 2845 645 2904 omnium
667 2846 720 2922 qui
736 2845 926 2904 exstiterunt
943 2844 1116 2920 hominum,
1138 2859 1176 2901 ao
1192 2841 1243 2900 di-

122 2971 264 3035 gnorum
284 2953 408 3029 quidem
426 2970 561 3031 corpora
576 2956 685 3015 induet
710 2954 963 3032 incorruptione,
984 2953 1159 3028 iniquorum
1186 2967 1245 3011 au-

122 3070 191 3127 tem
208 3081 305 3126 seusu
317 3065 473 3142 perpetuo
491 3067 639 3142 praedita
656 3082 724 3126 oum
743 3065 853 3142 pravis
870 3063 1073 3125 daemonibus
1090 3063 1121 3122 in
1137 3064 1245 3122 aeter·

122 3193 200 3238 num
222 3176 326 3252 ignem
348 3173 459 3233 mittet.
504 3175 665 3246 Quomodo
690 3177 794 3236 autem
823 3172 903 3233 haee
924 3189 1049 3250 quoque
1077 3173 1243 3252 praedicta

123 3288 193 3350 sint
211 3286 327 3362 future,
345 3286 556 3346 ostendemus.
575 3285 846 3346 PerEueohielem
859 3285 1048 3363 prophetam
1064 3285 1111 3345 sio
1129 3283 1244 3344 dietum

123 3400 197 3482 est:
225 3391 511 3478 Coogmeotobitur
535 3393 687 3460 iunctura
701 3391 747 3458 od
765 3391 949 3458 iuncturam
973 3394 1005 3458 et
1022 3415 1057 3458 oo
1073 3389 1120 3458 od
1139 3413 1191 3470 ou,
1213 3392 1245 3456 et

124 3607 181 3678 ptis
195 3607 223 3658 et
238 3602 352 3656 doctrina
365 3617 391 3672 p.
404 3601 455 3655 184
466 3619 522 3673 sq..
707 3619 730 3659 o.
746 3603 790 3658 Tr.
813 3617 851 3658 oo.
866 3599 909 3657 49.
924 3603 983 3659 120.
1019 3601 1121 3657 Pariter
1142 3595 1245 3666 noost-

197 3687 225 3742 8.
247 3684 370 3752 ἐνδόσει]
386 3689 442 3742 Hoc
454 3688 562 3742 coniecit
571 3688 670 3741 Mareu.
706 3685 779 3756 ῥέθη
790 3688 866 3757 Apol.
877 3689 898 3742 1.
918 3703 940 3741 e.
955 3687 999 3741 δέ.
1017 3702 1044 3756 p.
1056 3685 1100 3740 73.
1118 3685 1147 3752 (t,
1166 3700 1188 3737 o.
1199 3684 1243 3737 40.

124 3791 176 3846 pro
193 3775 263 3842 vulg.
283 3767 396 3842 ἐνδύσῃ.
422 3773 502 3825 Recte
518 3775 673 3841 receperunt
704 3787 731 3841 p.
742 3771 785 3827 78.
802 3773 831 3840 C,
842 3764 910 3827 olibi.
931 3772 969 3825 ci.
982 3771 1094 3824 Lobock.
1107 3768 1244 3835 udPhryu.

128 3861 319 3930 rualenum,
340 3859 450 3923 Brenn,
469 3856 598 3926 Trullop..
631 3855 670 3910 Cf.
704 3871 731 3925 p.
746 3856 807 3910 447.
825 3855 955 3910 Breunius
969 3870 1030 3908 vero
1053 3858 1079 3908 et
1101 3853 1245 3922 Trollopius

128 3964 156 4002 n.
173 3945 201 4000 1.
707 3939 816 4010 litteo
832 3940 976 4009 ediderunt,
994 3939 1058 3992 eitra
1073 3936 1145 3992 codd.
1165 3941 1246 3990 msto-

200 4045 228 4100 4.
251 4037 390 4113 ’Eppium
422 4041 516 4096 Forma
540 4049 580 4098 ρει
607 4044 674 4116 apud
707 4043 763 4080 rum
785 4025 971 4080 auctoritatem.

128 4133 274 4201 scriptores
297 4126 448 4197 posterioris
472 4128 526 4180 oevi
547 4133 574 4182 ot
596 4143 672 4197 saepe
777 4122 803 4179 5.
824 4119 1041 4196 Συναχθὴσιται
1114 4114 1247 4190 innomi.

129 4215 200 4287 upud
220 4213 348 4268 Iustinum
367 4211 455 4280 obvio,
471 4227 495 4268 e.
518 4229 544 4283 ς.
562 4213 589 4266 ἰιι
605 4212 673 4268 nial.
708 4225 808 4266 uooruo
824 4237 855 4252 -
870 4208 929 4267 Καὶ
941 4209 1001 4266 πᾶν
1016 4207 1085 4280 uiuo
1100 4239 1141 4263 .·..
1156 4201 1245 4278 αὐτῷ]
