2910 4774
214 231 275 302 rol
526 231 675 296 adsumi
696 233 803 297 ram.
826 233 879 297 ΕΤ
904 233 1027 298 dlAll'l'.

210 408 289 470 beo:
309 401 479 487 ⁴precibus
502 409 605 469 autem
622 407 655 468 in
677 407 738 468 hoc
760 407 838 470 eolis
861 410 894 468 et
913 407 1193 469 auclanallonibus
1212 408 1261 469 uti
1276 409 1326 468 eis
1338 421 1381 472 loo
1441 479 1442 490 2

210 537 273 581 non
288 520 446 598 permitto.
485 517 609 581 Etenim
630 517 728 578 multo
745 519 875 594 aequius
892 521 959 596 ost,
989 519 1104 594 siquis
1123 519 1326 580 volelaccu-
1441 517 1442 576 3

211 646 300 706 aare,
329 624 383 690 ⁶te
410 645 604 706 cognoscere
627 628 666 687 de
687 629 830 688 obiectis.
875 627 908 689 Si
933 629 1003 705 quis
1026 629 1122 706 igitur
1146 635 1276 690 accusat
1291 633 1331 690 et
1441 663 1442 690 r

209 740 326 820 probat
350 740 517 799 adversum
545 739 635 815 leges
660 739 822 814 quicquam
843 756 939 816 agere
962 742 1150 799 memoratos
1169 740 1326 818 homines,
1441 729 1442 736 ἵ

209 867 270 929 pro
286 851 396 910 merito
411 852 610 928 peccatorum
627 850 720 908 etiam
736 849 890 928 supplicia
906 853 1037 909 statues.
1069 849 1153 910 lllud
1170 845 1329 910 ⁶melncr·

210 961 259 1022 cle
273 975 463 1037 magnopere
479 960 621 1036 curabis,
645 962 689 1036 ut,
710 960 822 1034 siquis
838 959 1010 1019 calumniae
1025 959 1130 1036 gratia
1147 976 1324 1036 quenquam

208 1071 320 1132 horum
336 1071 548 1148 postulaverit
570 1086 674 1148 reuru,
696 1071 728 1128 in
746 1068 830 1129 hunc
851 1085 909 1147 pro
933 1071 982 1130 sui
998 1071 1137 1146 nequitia
1155 1071 1323 1148 suppliciis

208 1173 448 1240 ⁷sevcrioribus
468 1179 618 1238 vindices.
668 1205 670 1210 ·

277 1383 304 1442 4.
330 1385 463 1454 precibus.
477 1385 743 1450 ..adclamationibus]
780 1387 886 1441 suetudo
901 1388 926 1440 in
942 1388 1048 1456 irnperio
1067 1402 1182 1452 romano,
1203 1393 1232 1442 ul
1248 1389 1328 1458 plebs

207 1471 331 1538 iutelligit
347 1472 538 1526 acclamationes
557 1471 628 1538 illas,
649 1489 711 1542 quae
732 1489 745 1524 a
780 1475 832 1524 turn
850 1473 876 1524 in
900 1473 962 1524 urbe
975 1478 1028 1528 tum
1043 1475 1069 1526 ln
1081 1475 1235 1542 prouinciis,
1256 1489 1320 1544 quo-

206 1557 300 1626 populo
337 1555 393 1609 fieri
427 1558 543 1610 solebant
576 1557 602 1608 in
629 1557 745 1624 theatris,
780 1557 829 1609 ties
843 1557 872 1608 ad
885 1557 982 1625 publica
997 1560 1139 1627 spectacula
1154 1563 1320 1626 conuenerat,

209 1643 374 1696 Christianos
398 1643 433 1694 ad
455 1642 564 1709 leonem,
585 1647 614 1694 ut
636 1646 746 1694 leslalnr
781 1641 901 1710 quidquid
920 1643 1017 1695 libitum
1039 1647 1094 1695 erat
1107 1644 1147 1696 rel
1168 1659 1181 1695 a
1202 1643 1321 1710 praeside

207 1725 387 1779 Tertullianus.
416 1727 598 1795 Interdumque
613 1727 746 1780 eveniebat
781 1727 821 1778 vel
853 1727 883 1778 ab
913 1727 1066 1794 imperatore
1096 1727 1189 1780 iunctis
1216 1727 1321 1778 voellus

205 1815 234 1863 ul
250 1811 414 1879 proconsules
434 1815 460 1862 el
479 1811 609 1878 praesides
622 1812 745 1876 tumultu·
780 1811 930 1878 postularet.
967 1811 1044 1862 Cuius
1065 1813 1103 1863 rei
1127 1815 1249 1864 sexcenta
1273 1825 1320 1862 oc-

206 1897 258 1948 osls
272 1895 411 1948 huiusmodi
433 1896 663 1960 acclamationibus,
687 1895 746 1947 licet
781 1899 888 1947 currunt
906 1895 1020 1963 exempla
1038 1897 1103 1964 apud
1120 1897 1252 1962 Augustae
1277 1894 1320 1945 lui-

205 1980 287 2048 luvltl,
303 1979 393 2033 cedere
404 1985 565 2046 cogerentur.
591 1979 675 2046 Quare
691 1995 745 2031 me·
780 1978 875 2030 sturiae
892 1980 1040 2046 scriptores.
1081 1981 1199 2034 Valesius
1215 1977 1246 2030 ad
1262 1977 1320 2030 Eu-

204 2067 255 2119 rito
270 2067 409 2134 imperator
419 2064 562 2118 Hadrianus
576 2068 662 2116 monet
674 2063 745 2115 Fun·
778 2061 877 2114 sellum
893 2063 909 2115 l.
928 2078 950 2116 c.
965 2063 1007 2118 lv,
1021 2081 1044 2119 o.
1060 2064 1086 2118 9.

206 2147 298 2202 danum
319 2149 513 2218 proconsulem,
547 2165 579 2204 ne
603 2145 744 2200 huiusmodi
848 2146 873 2200 ⁵.
903 2147 942 2215 te]
962 2148 1024 2203 coo.
1046 2149 1161 2202 Norimb.
1189 2151 1223 2202 el.
1250 2147 1320 2200 lllalc

204 2235 416 2301 postulationibus
439 2234 469 2286 ad
494 2235 698 2302 persecutionem
715 2246 743 2283 ac
779 2231 878 2285 liliam:
899 2249 1022 2286 acreacre
1040 2237 1080 2301 te,
1099 2249 1264 2301 coporoscere.

205 2315 506 2370 caedeschristiauorunu
521 2333 579 2370 sese
595 2315 682 2367 adduci
696 2329 743 2382 pa·
846 2315 872 2370 6.
893 2318 1030 2384 melrercle]
1057 2317 1119 2372 Cod.
1134 2319 1250 2374 Norimb.
1267 2321 1320 2374 ml·

203 2399 291 2454 tiatur.
325 2399 408 2454 Porro
432 2405 505 2454 retus
532 2402 594 2454 liaeo
616 2400 664 2454 lull
680 2414 743 2452 con·
777 2403 896 2470 terciolo,
916 2404 999 2460 Rhea.
1015 2404 1170 2459 malecuncta.
