2910 4774
550 279 759 345 APOLOGIA
779 281 819 346 ll.
1171 280 1238 348 205

124 449 175 516 les
190 452 352 532 dictitant,
374 451 545 516 foeditates
561 454 726 532 damnarc3
749 457 844 534 atque
860 453 901 516 ob
920 454 953 516 id
975 454 1069 516 etiam
1088 454 1162 532 quia
1177 455 1238 514 diis

123 563 283 641 gaudent,
312 563 366 638 qui
386 563 501 624 similia
522 562 664 624 facinora
686 567 913 642 perpetrarunt
936 567 968 625 at
985 565 1080 625 etiam
1095 580 1176 625 nunc
1198 564 1238 622 ab

124 672 303 732 hominibus
328 674 517 750 reposcunt:
550 674 595 733 ita
617 675 652 734 ut
672 689 713 734 ex
731 691 787 753 eo,
808 674 889 752 quod
907 675 1017 752 nobis,
1042 674 1133 750 quasi
1152 674 1239 734 eius-

124 783 211 842 modi
235 781 408 842 facinorum
428 783 510 860 reis‚
535 785 666 844 mortem
689 787 744 844 aut
764 785 890 846 vincula
908 786 962 844 aut
977 784 1071 844 aliam
1086 783 1240 844 eiusmodi
1352 861 1354 868 X

124 907 260 969 poenam
283 893 441 968 infligant,
472 894 659 953 senteutiam
673 894 705 953 iu
724 894 849 971 scipsos
863 894 984 971 dicant,
1005 894 1085 954 adeo
1101 894 1240 954 utmini-

125 1017 176 1061 me
193 1002 232 1060 iis
249 1018 328 1079 opus
343 1003 385 1061 sit
401 1001 473 1060 aliis
492 1001 657 1062 iudicibus.

214 1128 263 1186 15.
293 1126 423 1204 impiam
447 1143 570 1204 quoqne
595 1129 682 1188 illam
699 1129 732 1188 ot
746 1145 910 1189 erroneam
935 1129 966 1188 in
987 1129 1080 1206 gente
1095 1143 1165 1188 mea
1186 1127 1240 1186 Si·

126 1237 227 1296 monis
251 1238 423 1297 doctrinam
448 1238 608 1298 contemsi.
649 1236 767 1307 Quodsi
790 1254 848 1298 vos
863 1237 945 1298 hunc
965 1239 1108 1298 libellum
1122 1237 1240 1315 publici

127 1347 206 1406 iuris
221 1345 380 1424 feceritis,
402 1364 473 1407 eum
489 1348 622 1407 omnium
637 1348 737 1408 oculis
755 1363 964 1425 exponemus,
985 1349 1021 1408 ut
1035 1348 1063 1407 si
1077 1348 1147 1407 fieri
1160 1363 1240 1424 pos-

127 1456 170 1516 sit
184 1457 401 1533 immutentur;
423 1457 517 1517 huius
537 1457 661 1532 quidem
676 1458 767 1517 ouius
785 1457 833 1516 rei
849 1457 954 1533 gratia
970 1456 1051 1517 hanc
1067 1457 1240 1516 orationem

127 1567 368 1642 composuimus.
412 1566 490 1627 Sunt
515 1569 618 1628 autem
639 1569 769 1626 nostrae
794 1566 956 1626 doctrinae
977 1567 1065 1624 recte
1091 1565 1241 1624 iudicanti

127 1674 252 1734 minime
268 1677 389 1753 turpes,
413 1677 471 1736 sed
486 1677 569 1736 omni
583 1676 787 1754 philosophia
803 1675 937 1736 humana
954 1673 1154 1747 sublimiores
1163 1693 1171 1749 ;
1192 1675 1241 1733 sin

127 1784 246 1861 minus,
270 1787 357 1845 certe
373 1784 520 1846 Sotadeis
542 1788 575 1846 et
589 1783 803 1846 Philaenideis
827 1787 859 1844 et
881 1784 1054 1844 saltatoriis
1073 1784 1106 1842 ct
1121 1781 1241 1859 Epicn-

128 1893 193 1954 rois
209 1893 343 1970 aliisquo
367 1896 519 1956 eiusmodi
538 1896 674 1973 poeticis
690 1895 938 1955 institutionibus
960 1893 1138 1970 absimiles,
1163 1909 1241 1967 quas

128 2005 234 2062 tamen
262 2006 295 2064 et
321 2005 353 2063 in
378 2021 503 2066 scenam
529 2006 701 2084 productas
725 2006 873 2082 spectare
907 2005 939 2063 et
970 2003 1106 2079 scriptas
1131 2003 1242 2079 legere

130 2113 272 2173 omnibus
288 2114 374 2174 licet.
417 2115 465 2176 Ae
480 2117 657 2175 desinemus
672 2115 734 2174 iam
748 2115 848 2174 verba
862 2112 986 2190 lacere,
1005 2113 1126 2172 connisi
1141 2129 1242 2187 quan-

129 2223 194 2283 tum
210 2223 347 2283 innubis
363 2225 456 2284 situm
473 2223 549 2302 fuit,
570 2227 664 2300 atque
682 2223 805 2300 precati
827 2225 862 2283 ut
887 2203 993 2282 omnes
1009 2221 1124 2297 ubique
1140 2221 1242 2281 homi·

129 2347 186 2392 nes
208 2333 354 2394 veritatis
379 2335 557 2412 cognitione
584 2337 759 2414 dignentur.
803 2333 875 2392 Fiat
890 2332 997 2408 itaque
1014 2332 1048 2390 ut
1064 2331 1158 2391 etiam
1173 2347 1243 2408 vos,

129 2442 223 2502 sicuti
236 2443 386 2520 pietatem
400 2461 437 2504 ac
451 2444 685 2525 philosophiam
699 2444 806 2523 dccet,
826 2457 958 2518 aequum
977 2442 1087 2501 vestra
1102 2441 1243 2520 ipsorum

130 2569 227 2613 eausa
241 2553 388 2613 iudicium
403 2553 526 2614 feratis.

132 2754 292 2816 ἀκόλαστον
309 2756 482 2830 σύγγραμμα.
507 2759 603 2816 Athen.
616 2763 633 2816 l.
646 2779 668 2818 c.
704 2762 782 2814 verba
800 2760 883 2813 minus
905 2759 975 2810 recte
996 2753 1033 2809 sic
1058 2754 1242 2824 interpretatus

132 2860 160 2914 p.
185 2845 245 2900 335.
284 2844 348 2900 ech.
366 2847 445 2901 sold.
469 2863 490 2902 s.
514 2863 539 2902 r.
556 2843 670 2902 Ἀοτνοὶ-
706 2849 761 2897 est:
788 2843 940 2911 „Nonmohr
958 2844 1026 2894 ware
1050 2854 1078 2894 es
1095 2854 1128 2890 an
1147 2838 1241 2892 euch.“

132 2946 232 2985 νασοα.
705 2927 888 2981 Emendatione
904 2927 1022 2979 lubenter
1035 2921 1254 2992 supersedemus,-

208 3014 234 3069 7.
260 3011 432 3083 γενομένοις]
465 3015 532 3068 Sunt
551 3017 670 3084 tortasse,
707 3028 781 3080 quum
801 3008 858 3065 ἔστι
880 3013 1004 3080 sequente
1021 3007 1162 3062 accusativo
1186 3021 1243 3059 cum

133 3101 177 3170 qui
191 3114 238 3169 pro
254 3097 415 3168 γενομένοις
428 3099 562 3166 legendum
572 3105 671 3168 &putent
705 3095 832 3148 infinitivo
843 3097 910 3150 haud
926 3095 960 3148 sit
973 3091 1102 3159 insolens3
1122 3091 1154 3144 cs.
1172 3090 1242 3158 Papo

133 3183 302 3254 λεγομένοις.
334 3186 388 3238 Nos
414 3184 477 3236 nillil
499 3185 625 3238 mutamus
645 3189 672 3238 et
705 3181 906 3235 Horodcoo‘rterb.
925 3181 951 3232 d.
966 3177 1065 3246 catech.
1084 3173 1203 3244 Sprocbc
1217 3189 1241 3228 s.

132 3285 194 3322 voce
224 3267 385 3338 γενομένοις
412 3283 514 3322 scenam
543 3268 671 3336 designari
705 3280 730 3318 v·
753 3265 825 3318 Tom.
842 3265 861 3318 l.
879 3279 905 3334 p.
916 3261 976 3315 ⁵83.

132 3357 268 3421 putamus,
295 3357 402 3407 nonita
426 3359 528 3421 tamen,
556 3357 585 3405 ut
608 3353 670 3406 reli·
774 3345 800 3403 9.
819 3343 890 3415 dolo
907 3345 1027 3410 ἑαυτῶν]
1049 3341 1153 3396 Perion.
1172 3333 1243 3408 ὑπὲρ

133 3452 207 3504 quam
229 3438 284 3489 eius
303 3439 393 3492 aetatis
410 3437 436 3490 in
455 3439 532 3491 rebus
554 3438 671 3506 turpibus
706 3425 788 3501 ἡμῶν
807 3434 862 3486 uult
885 3434 936 3502 legi
960 3436 987 3486 et
1009 3429 1128 3497 Sylburg.
1154 3423 1243 3478 eodem

132 3519 260 3573 licentiam
279 3522 449 3575 excludamus.
478 3521 620 3574 lbirlbius.
706 3530 784 3571 sensu
799 3519 902 3572 relinet.
931 3517 967 3570 At
976 3515 1089 3570 lustinus
1101 3512 1156 3581 ipsc
1166 3507 1242 3576 Apol.

203 3603 229 3660 8.
248 3599 336 3672 dude]
355 3606 480 3674 Stephan.
497 3599 586 3674 ἡμᾶς,
605 3602 673 3672 quod
705 3602 727 3657 l.
745 3619 767 3657 c.
799 3603 825 3658 8.
851 3617 877 3671 p.
894 3601 937 3658 ⁵7.
965 3601 1007 3655 A:
1038 3587 1243 3666 Acytcuodsd'

132 3689 250 3744 mendum
274 3692 323 3744 iam
347 3691 467 3758 Sylborg.
498 3689 620 3742 correxit.
637 3715 672 3726 -
706 3682 751 3742 ὅτι
781 3681 852 3752 ὑπὲρ
876 3679 955 3754 ὖμοῑ
963 3705 979 3740 ν
1010 3684 1102 3738 ταῦτα
1127 3677 1243 3747 ἔφημεν.

133 3774 234 3826 Bellius
251 3774 291 3842 (in
306 3775 338 3827 11
346 3777 441 3842 lyons·
456 3772 607 3842 zeitschrift
625 3771 673 3842 fiir
707 3773 877 3826 Tertullianus
897 3770 928 3822 ad
951 3768 1053 3837 Scapul.
1072 3782 1095 3820 c.
1110 3765 1146 3819 lt
1173 3801 1243 3832 ,,...

133 3861 176 3912 die
202 3861 295 3914 histor.
325 3859 463 3925 lbcolopie
496 3857 568 3925 lips.
595 3855 672 3909 1842.
708 3857 837 3923 magisque
850 3853 960 3906 damnati
974 3867 1048 3920 quom
1061 3848 1168 3903 absoluti
1181 3863 1244 3914 gau-

134 3942 210 3995 Fusc.
229 3943 256 3997 3.
277 3957 304 4011 p.
323 3942 349 3996 6.
371 3957 398 3996 n.
415 3943 463 4008 2),
491 3941 618 3994 Volusium
643 3937 674 3991 ad
708 3939 805 3992 demus.
840 3937 930 4004 ltaque
956 3938 1024 3989 liunc
1049 3933 1161 3987 libellum
1192 3945 1245 3983 non

133 4025 230 4080 lloseb.
249 4027 317 4082 Hist.
336 4026 428 4080 eccles.
446 4025 490 4080 lV.
512 4039 535 4076 c.
552 4020 585 4074 17
598 4037 674 4074 sccu—
708 4022 811 4076 nobis
828 4023 947 4078 timentes
970 4021 1102 4086 misimus,
1123 4015 1168 4069 sed
1190 4031 1245 4069 ro·

133 4113 186 4180 tus,
200 4110 264 4184 legit
274 4109 329 4180 Elrp
344 4098 396 4165 οὖν
408 4103 494 4165 καθ’
512 4101 595 4180 ὑμᾶς,
611 4121 675 4174 quae
708 4106 760 4161 bis
776 4107 804 4160 et
819 4105 934 4162 omnibus
949 4104 1056 4161 inimicis
1070 4099 1195 4158 nostris.“
