2910 4774
560 221 767 286 APoLooin
791 221 831 286 ll.
1183 223 1239 292 181

131 395 221 470 rent,
244 393 277 452 id
299 409 422 469 quoquo
444 396 624 456 dissolvam.
666 395 769 474 DeuS,
799 415 890 473 quum
906 400 1049 458 mundum
1067 398 1245 460 universum

131 502 264 574 fecisset
288 507 321 563 et
341 508 470 564 torrena
493 505 669 565 hominibus
696 507 884 582 subiecisset
907 511 939 567 et
957 509 1110 568 coelestia
1129 511 1245 588 sidera,

131 629 213 688 quae
232 614 348 691 etipsa
368 615 524 676 hominum
545 617 647 692 gratia
661 616 761 692 liquet
780 617 820 674 ab
843 633 882 675 eo
899 616 983 676 sacta
999 635 1088 695 esse,
1111 620 1150 678 ad
1167 637 1245 696 pro-

130 725 260 788 ventum
284 723 408 801 frugum
431 727 464 784 et
488 727 528 786 ad
546 731 721 803 temporum
738 727 971 786 vicissitudines
987 729 1176 788 adornasset
1194 731 1246 788 di-

130 833 298 908 vinamque
324 836 363 894 iis
385 836 488 912 legem
513 837 687 913 sanxisset,
713 837 870 896 hominum
895 854 932 895 ac
954 854 1057 896 rerum
1074 839 1132 898 sub
1155 840 1250 902 coelo

130 944 307 1019 positarum
332 963 437 1004 curam
457 946 599 1022 angoliS,
623 962 701 1022 quos
727 947 767 1005 ad
784 947 844 1005 hoc
863 963 971 1006 munus
988 947 1137 1026 instituit,
1160 965 1247 1009 conr·

131 1053 227 1112 misit.
271 1053 388 1132 Angoli
416 1058 535 1132 autom,
570 1056 709 1114 ordinem
738 1056 911 1116 institutum
936 1059 1185 1136 praetergressi,
1214 1060 1247 1122 iu

131 1165 246 1238 stupra
276 1181 343 1222 cum
368 1165 550 1224 mulieribus
579 1165 723 1242 prolapsi
752 1167 823 1224 sunt
852 1181 889 1226 ac
917 1165 1000 1223 filios
1031 1171 1247 1246 susceperunt,

130 1289 245 1350 nempe
269 1274 437 1334 daemones
461 1275 513 1348 qui
534 1275 687 1334 dicuutur.
730 1274 772 1334 Et
794 1276 923 1352 insuper
948 1277 1060 1352 postea
1082 1276 1248 1338 humanum

131 1399 233 1461 genus
255 1384 288 1443 in
313 1384 497 1444 servitutem
519 1385 580 1442 sibi
600 1386 804 1444 addixerunt:
826 1385 940 1461 partim
960 1401 1019 1460 per
1040 1387 1159 1462 scripta
1179 1405 1249 1446 ma-

131 1495 220 1571 gica,
240 1494 355 1570 partim
370 1511 428 1570 por
447 1496 589 1554 terrores
610 1499 643 1553 ot
660 1493 825 1570 supplicia,
846 1511 926 1568 quae
950 1494 1146 1572 inferebant,
1170 1514 1248 1573 par-

131 1605 188 1664 tim
211 1621 271 1682 per
293 1604 519 1664 institutionem
539 1605 763 1665 sacrificiorum
787 1606 819 1662 et
842 1603 1089 1664 sulfimentorum
1112 1607 1144 1664 et
1163 1606 1248 1664 liba-

131 1716 265 1791 minum,
288 1714 400 1789 quibus
423 1731 518 1791 egere
544 1717 715 1791 coeperunt
735 1716 940 1790 posteaquam
957 1715 1073 1772 morbis
1091 1715 1248 1792 cupidita-

132 1827 198 1888 tum
227 1825 413 1900 emancipati
435 1828 519 1884 sunt:
554 1825 687 1898 denique
712 1825 794 1882 inter
817 1824 957 1884 homines
985 1824 1116 1901 caedes,
1153 1825 1247 1902 bella,

133 1935 312 2009 adulteria,
344 1934 463 2009 tlagitia
486 1935 520 1992 ot
547 1949 667 1992 omnem
698 1906 902 1992 vitiositatem
928 1935 1126 1994 seminarunt.
1171 1933 1248 1993 Hinc

132 2046 250 2122 poetae
275 2045 308 2102 et
333 2043 511 2103 fabularum
532 2045 721 2121 scriptores,
744 2062 835 2119 quum
857 2044 1040 2120 ignorarent
1056 2043 1186 2120 angelos
1207 2059 1248 2102 ex

132 2149 235 2229 iisque
254 2155 379 2230 genitos
401 2155 569 2212 daemones
587 2154 667 2212 haec
689 2155 720 2212 in
736 2155 891 2214 masculos
908 2156 940 2212 et
961 2153 1090 2211 seminas
1106 2155 1200 2228 atque
1217 2153 1248 2212 in

132 2256 230 2316 urbes
253 2258 285 2314 ct
308 2255 451 2314 nationes
481 2258 705 2332 perpetrasse,
738 2272 818 2332 quae
847 2255 951 2314 literis
978 2255 1181 2333 mandabant,
1216 2255 1248 2313 in

132 2421 254 2489 langas:
273 2422 357 2489 Atque
373 2423 483 2490 increper
498 2423 676 2492 reliquom
711 2423 849 2477 Clnistiani
872 2423 986 2490 pler-ique
1007 2435 1094 2474 omnes
1118 2422 1248 2474 existima·

133 2523 218 2575 periris
230 2510 382 2559 homocum.
709 2510 778 2559 runt.
808 2506 877 2559 ldem
892 2507 922 2558 dc
940 2508 1012 2558 malis
1026 2505 1188 2558 daemonibus
1206 2519 1248 2558 as-

194 2592 220 2646 8.
237 2590 285 2644 dcci
301 2609 365 2658 pop.
380 2592 510 2658 γραφῶν]
526 2592 607 2645 Forte
624 2590 674 2646 deci
710 2592 774 2642 serit
790 2592 927 2642 acerrimus
946 2589 1098 2642 christianae
1116 2589 1248 2654 religionis

132 2697 199 2747 μαγ.
218 2676 366 2743 στροφῶν,
392 2679 421 2726 ut
438 2677 464 2728 in
482 2678 560 2729 altera
579 2678 676 2745 Apolo-
709 2676 800 2742 hostis,
818 2668 993 2740 Porphyrium
1012 2675 1051 2724 cui
1067 2673 1120 2724 vito
1137 2689 1192 2724 cum
1207 2673 1248 2740 iis,

133 2766 175 2833 gia
202 2769 236 2828 [c.
250 2761 293 2826 14]
317 2777 342 2828 p.
361 2759 410 2812 61:
429 2757 497 2814 ποτὲ
522 2757 552 2814 δ’
569 2753 607 2814 αὖ
627 2759 675 2815 drot
710 2761 736 2811 in
760 2775 822 2828 quos
838 2763 936 2811 tantum
960 2757 1044 2808 odium
1068 2756 1169 2822 babuit,
1195 2759 1249 2807 tum

132 2849 262 2918 μαγικῶν
278 2848 412 2913 στροφῶν
426 2847 587 2912 χειροῦνται
603 2843 675 2900 πάν·
710 2843 741 2895 de
757 2845 808 2896 lrac
826 2860 870 2911 rc,
896 2848 949 2895 tum
971 2843 1045 2894 etiam
1063 2838 1094 2892 de
1115 2843 1169 2891 tota
1194 2841 1249 2892 lero

132 2953 185 2994 τας
202 2938 270 2988 etc..
298 2933 390 2984 Verum
419 2933 521 2984 minime
542 2932 676 3000 quidquam
710 2926 880 2994 disputatione
899 2945 962 2996 quae
980 2932 1020 2979 est
1038 2924 1068 2976 dc
1082 2928 1172 2975 natura
1186 2923 1248 2976 deo·

132 3025 214 3074 muto.
244 3018 385 3072 l'lrirlbics.
426 3017 548 3068 Attamen
572 3018 677 3072 mutavit
710 3027 775 3078 turn,
795 3013 899 3080 aliisque
913 3013 975 3064 adeo
988 3011 1019 3063 de
1034 3009 1108 3061 rebus
1122 3022 1171 3058 non
1185 3021 1249 3074 pau-

134 3104 256 3158 Goezius.
288 3101 492 3156 Cl.Tertulltan.
512 3101 529 3154 l.
547 3117 569 3154 c.
590 3117 612 3155 c.
632 3101 674 3155 35.
711 3098 764 3164 cis,
794 3098 884 3151 mirum
904 3101 1023 3163 quantum
1040 3093 1195 3146 convenerit.
1215 3118 1250 3130 -··
1324 3111 1337 3131 ν

204 3186 230 3242 9.
248 3177 289 3238 dv
304 3183 455 3251 ἐπέφερον]
472 3185 551 3252 Vulgo
568 3175 608 3236 οἶν
625 3199 676 3235 non
710 3181 749 3233 De
766 3182 856 3234 abstin.
877 3182 911 3234 11.
929 3196 954 3248 p.
971 3183 1022 3232 204
1037 3179 1099 3230 baec
1115 3176 1204 3228 scribit
1218 3173 1250 3228 dc

133 3271 248 3338 legitur:
274 3271 394 3322 omissum
413 3275 453 3322 est
468 3272 600 3322 occasione
616 3270 673 3320 ulti·
711 3265 891 3318 daemonibus:
920 3262 961 3316 Τό
995 3263 1103 3330 ψεῦδος
1135 3255 1251 3319 τούτοις

134 3373 191 3410 mac
206 3354 383 3423 praecedentis
397 3357 465 3407 vocis
481 3355 600 3421 syllabae.
625 3354 675 3404 So·
712 3351 826 3413 οἰκεῖον,
847 3347 999 3419 βούλονται
1015 3344 1068 3415 γὰρ
1088 3339 1161 3398 εἶναι
1176 3343 1251 3409 drot,

133 3439 310 3506 lusGoezius,
331 3454 345 3489 a
363 3439 476 3490 Thirlbio
492 3439 612 3503 monitus,
633 3452 676 3488 re·
711 3435 758 3489 καὶ
784 3429 983 3502 ἡπροεοτοὸοα
1011 3427 1108 3485 adroic
1132 3428 1252 3499 δύναμιν

135 3527 212 3593 cepit.
248 3523 414 3590 conponi.
442 3540 463 3576 c.
480 3520 505 3588 5,
525 3523 604 3576 Clem.
623 3523 676 3573 Re·
710 3515 781 3580 θεὸς
808 3516 882 3574 εἶναι
902 3516 917 3575 ὁ
939 3519 1076 3588 μέγιστος.
1113 3511 1202 3572 Οὗτοι
1224 3515 1252 3570 ol

136 3624 211 3675 cogg.
228 3609 271 3662 lV.
297 3607 382 3674 c.t9,
401 3607 551 3661 Tertullian.
575 3608 592 3661 l.
610 3624 632 3662 c.
653 3623 674 3662 c.
711 3605 857 3669 χαίροντες
882 3609 963 3677 λοιβῇ
987 3623 1015 3658 τε
1039 3604 1119 3670 κνίσῃ
1142 3621 1187 3663 τε,
1214 3595 1252 3654 δι’

135 3693 188 3760 22,
210 3693 304 3760 llinut.
320 3691 377 3747 Ful.
396 3692 483 3746 Octav.
500 3707 522 3744 c.
537 3691 579 3746 27.
712 3681 752 3740 ὦν
767 3683 907 3742 αὐτῶντὸ
933 3684 1122 3757 πνευματικὸν
1140 3686 1251 3738 nicius*

199 3779 240 3830 lo,
258 3771 399 3842 θυμάτων
448 3773 588 3842 γεγόνασι]
605 3775 678 3840 Quod
714 3768 784 3826 ταιἸ
795 3775 826 3844 ζῇ
842 3771 893 3842 γαρ
907 3777 991 3828 τοῦτο
1008 3769 1108 3838 οὶτμοῑς
1120 3771 1168 3824 καὶ
1183 3768 1252 3822 dvc·

135 3864 168 3916 de
192 3863 289 3929 angelis
311 3862 382 3913 ruatis
403 3861 443 3914 hic
468 3861 529 3912 dicit
555 3861 677 3925 lustinus,
713 3857 867 3926 &opaciores
900 3857 947 3910 uui
970 3859 1103 3919 ποικίλως
1130 3854 1178 3908 ded
1196 3857 1253 3909 scis

135 3947 203 4000 idem
217 3946 248 3998 de
268 3945 316 3998 diis
332 3946 445 4012 gentium
469 3945 536 4012 (sire
556 3960 600 3997 cos
616 3942 676 3995 dac·
713 3946 863 4005 ποικίλων,
882 3941 929 3996 καὶ
950 3943 1127 4009 δοναμοῦναι
1143 3946 1205 4002 ταῖς
1223 3937 1253 3994 ἐκ

136 4047 226 4085 mones
244 4048 301 4084 esse
328 4031 478 4094 crederent,
498 4030 551 4082 sive
575 4027 678 4093 arrgclos
714 4030 771 4082 cciv
786 4024 912 4092 αἱμάτων
932 4026 981 4082 καὶ
1003 4027 1115 4096 accius
1131 4027 1251 4088 unicum.

137 4131 240 4184 pravos,
252 4118 305 4169 siro
320 4113 424 4180 angelos
438 4113 579 4167 istiusmodi
592 4130 605 4166 a
618 4112 676 4165 dae·
717 4113 858 4168 wairlbicc.

137 4201 255 4255 monibus
279 4217 330 4256 non
351 4195 551 4266 distinguerent)
579 4200 681 4260 veteres¹
786 4198 827 4252 11.
845 4195 893 4254 ccl
910 4197 948 4262 εἰς
963 4192 1047 4269 civito.
1064 4193 1174 4268 φόνους
1190 4201 1252 4261 cta]
