2910 4774
544 265 754 332 Anonoons
782 267 806 329 1.
1162 262 1226 334 llo

105 440 216 519 ruodo,
241 454 303 518 quo
319 455 378 500 nos
397 439 460 518 ipsi
474 441 656 518 regenerati
672 457 788 519 sumus,
805 441 1034 518 regenerantur
1043 458 1051 516 ;
1076 439 1109 500 in
1122 440 1224 500 nomi-

106 569 152 612 ne
172 551 254 611 enim
270 551 412 628 parentis
430 553 611 616 cunctorum
627 551 805 628 dominique
822 552 875 611 dei
890 553 923 611 et
937 549 1108 611 salvatoris
1122 551 1225 612 nostri

106 661 186 724 Iesu
200 660 320 720 Christi
331 662 364 722 et
378 660 510 738 spiritus
523 661 625 720 saneti
638 661 798 730 lavacrum
810 661 843 720 in
859 678 941 738 aqua
953 664 1028 732 tune
1041 662 1224 739 suscipiunt.

108 770 237 832 Etenim
259 769 403 830 Christus
426 770 522 830 dixit:
546 766 625 832 Nisi
640 768 825 852 regenerati
831 766 988 856 fueritis,
1006 789 1069 833 noo
1086 767 1225 834 introiri·

109 878 159 944 tis
182 877 217 941 in
240 895 371 962 regnum
397 875 563 942 coetorum.
614 881 701 940 Fieri
730 881 834 941 autem
859 897 922 942 non
945 897 1041 958 posse
1066 884 1102 942 ut
1126 882 1224 942 semel
1298 900 1300 906 ·

109 990 180 1050 nati
203 989 235 1048 in
258 991 368 1050 uteros
391 990 524 1049 matrum
542 990 768 1066 ingrediantur,
790 990 988 1052 manifestum
1002 993 1147 1052 omnibus
1165 993 1223 1052 est.

108 1099 216 1160 Etiam
235 1116 294 1178 per
316 1097 449 1158 lesaiam
469 1100 674 1177 prophetam,
703 1103 857 1178 utsupra
881 1102 1080 1179 scripsimus,
1110 1103 1225 1162 dietum

110 1212 182 1286 est,
203 1226 265 1285 quo
283 1210 377 1270 modo
392 1212 524 1286 peccata
542 1209 693 1287 effugiant
707 1209 760 1286 qui
782 1214 994 1287 peceaverunt
1008 1215 1041 1271 et
1058 1213 1225 1288 poeniten-

110 1321 189 1380 tiarn
203 1321 308 1396 agunt.
352 1315 490 1379 Locutus
507 1320 557 1379 est
577 1321 680 1378 autem
695 1320 757 1379 sio:
780 1315 961 1394 Laoamini,
983 1318 1095 1382 mundi
1112 1321 1226 1396 estote,

108 1421 242 1514 auferte
263 1424 446 1512 pravitates
467 1447 508 1490 ecc
533 1424 650 1489 animis
673 1426 806 1504 nestris,
829 1427 948 1493 discite
972 1426 1083 1494 bonum
1096 1425 1225 1516 secere,

9 1595 10 1598 ,
109 1535 261 1602 iudicate
273 1534 404 1622 pupillo
426 1537 457 1600 et
471 1530 654 1621 iustificate
671 1534 821 1618 viduam,
843 1540 875 1601 et
890 1537 996 1602 venite
1014 1543 1046 1603 et
1064 1538 1225 1622 discepte-

110 1668 202 1724 mus,
222 1644 304 1710 dicit
320 1643 486 1718 domium,-
508 1647 540 1708 et
565 1642 734 1732 sijucrint
749 1649 883 1732 peccota
903 1649 1012 1711 oestro
1034 1650 1072 1712 ut
1092 1647 1226 1734 phoeni·
1250 1653 1309 1690 Α

112 1777 220 1832 ceum,
251 1758 412 1840 tamquam
435 1753 543 1818 lanam
562 1751 736 1830 dealbato,
765 1758 796 1820 ct
819 1753 988 1846 sisueriat
1003 1759 1039 1821 ot
1056 1756 1225 1834 coccinum,

110 1870 275 1951 tamquam
293 1865 395 1929 nivem
413 1861 580 1928 dealbato.
622 1864 661 1928 Si
681 1867 788 1929 aciem
802 1886 864 1928 oon
881 1864 1056 1931 audieritis
1073 1888 1132 1943 me,
1153 1866 1225 1952 gla-

112 1975 261 2041 dieseos
278 1972 455 2050 decorabit
478 1994 512 2036 os
532 1972 615 2038 enim
632 1973 754 2039 domiui
768 1973 847 2039 hoec
866 1973 1004 2040 locutum
1018 1978 1074 2042 eet.
1111 1981 1225 2040 Ratio-

111 2105 185 2154 nem
207 2091 311 2148 autem
332 2087 425 2146 huius
446 2087 494 2146 rei
512 2087 551 2146 ab
572 2087 728 2164 apostolis
746 2086 827 2148 hanc
845 2090 1032 2166 accepimus.
1076 2089 1225 2158 Quando·

112 2200 239 2277 quidem
260 2199 292 2258 in
314 2198 416 2275 prima
437 2198 604 2256 nativitate
631 2204 740 2256 nostra
766 2195 948 2273 ignorantes
970 2200 1161 2258 necessitate
1184 2215 1225 2260 ex

110 2310 242 2370 humido
266 2309 384 2368 semine
404 2324 463 2385 per
487 2310 622 2368 mutuam
646 2309 810 2388 parentum
832 2309 1013 2368 mixtionem
1033 2308 1098 2368 nati
1119 2326 1224 2370 sumus

112 2423 148 2480 et
170 2421 202 2480 in
227 2418 367 2478 moribus
391 2417 501 2495 pravis
521 2417 664 2493 malaque
686 2419 871 2478 educatione
897 2419 1035 2496 versati,
1056 2421 1144 2478 utne
1165 2436 1224 2479 ne-

112 2529 273 2592 cessitatis
296 2530 328 2587 et
350 2527 558 2605 ignorationis
581 2527 639 2589 filii
653 2545 830 2588 maneamus
848 2529 905 2588 sed
923 2528 1087 2590 electionis
1104 2531 1137 2589 et
1160 2530 1224 2590 soi-

112 2705 192 2774 ὅπως
209 2706 248 2780 μή
267 2704 434 2780 ἀνάγκης
452 2707 565 2764 τέκνα
581 2706 653 2779 μηδὲ
686 2711 892 2778 Deponeogescle.
918 2712 948 2766 P.
966 2712 992 2764 ll
1016 2711 1068 2779 (ed.
1090 2710 1174 2779 llaec)
1196 2726 1222 2779 p.

113 2793 223 2868 ἁγνοί
232 2813 277 2859 ae
293 2793 420 2865 μένωμεν
434 2789 507 2860 cilici
519 2812 652 2863 προαι-
687 2796 747 2850 240.
767 2795 977 2861 Distinguituero
989 2795 1089 2862 Martyr
1099 2797 1223 2861 interge-

112 2882 153 2953 ρέ
162 2900 199 2940 ne
210 2901 256 2946 ως
274 2881 321 2937 καὶ
345 2876 533 2950 ἐπιστήμη
545 2899 572 2942 g:
592 2882 656 2949 „aul
687 2881 846 2932 uenationem
858 2879 994 2932 'carnalem
1010 2883 1037 2931 et
1049 2879 1222 2947 spiritualem:

112 2970 172 3022 dass
186 2969 232 3022 wir
249 2985 294 3022 aus
310 2967 425 3022 Kindern
448 2965 494 3018 der
511 2967 652 3021 Nothwen·
686 2965 730 3018 illa
750 2968 791 3017 est
806 2979 837 3016 ex
852 2962 953 3015 humido
974 2964 1089 3031 semine,
1112 2965 1174 3016 haec
1191 2980 1224 3018 ex

112 3055 211 3122 digkeit
224 3054 275 3106 und
291 3052 480 3106 Unwissenheit
494 3049 593 3102 Kinder
605 3047 652 3102 der
687 3066 751 3118 aqua
766 3049 925 3117 baptismali3
951 3046 992 3100 ille
1008 3046 1087 3100 elficit
1101 3051 1130 3098 ut
1145 3047 1224 3100 simus

112 3139 232 3194 Freiheit
242 3137 292 3190 und
302 3138 424 3190 Weislreit
436 3135 569 3190 werden.“
583 3133 651 3186 For·
686 3133 732 3186 lilii
748 3134 910 3186 necessitatis
925 3135 951 3184 ct
968 3131 1144 3198 ignorationis,
1160 3132 1223 3184 haec

112 3224 180 3276 mula
198 3219 305 3290 γένεσιν
326 3221 502 3290 γεννηθῆναι
520 3217 583 3270 nillil
604 3231 652 3286 per
686 3222 715 3270 nl
729 3215 774 3270 filii
789 3215 878 3270 fiemus
893 3215 1024 3268 electionis
1044 3219 1071 3268 et
1085 3215 1223 3268 scientiae:

112 3324 142 3360 se
156 3307 303 3360 offensionis
317 3307 409 3375 hebet3
427 3308 459 3360 ci.
474 3306 549 3358 etiam
563 3319 585 3358 c.
603 3300 651 3354 65:
687 3317 766 3369 quare
791 3299 861 3368 (vide
885 3300 960 3368 paulo
989 3300 1061 3370 post)
1085 3301 1225 3369 baptismus

114 3386 193 3454 ὅπως
214 3388 266 3460 τὴν
289 3387 407 3446 αἰώνιον
428 3390 570 3458 σωτηρίαν
594 3403 652 3442 σω·
687 3386 762 3438 etiam
780 3382 925 3454 φωτισμὸς
946 3388 1059 3438 vocatur.
1099 3383 1225 3452 Explandl

112 3477 221 3544 θῶμεν.
258 3475 346 3542 Ergo:
377 3475 522 3542 „Sintenral
552 3475 598 3528 wir
625 3476 653 3527 in
687 3474 771 3524 autem
793 3472 830 3524 uis
855 3470 886 3524 ad
908 3474 1013 3540 peccatu
1033 3471 1147 3539 pertinet·
1166 3473 1225 3522 ante

113 3575 224 3614 unserer
253 3564 340 3613 ersten
368 3559 468 3612 Geburt
491 3561 528 3612 als
553 3560 654 3612 Unuis-
687 3553 841 3622 baptismum
855 3557 1005 3610 commissa:
1032 3556 1139 3621 obtingit
1153 3555 1226 3607 nobis

114 3644 193 3700 sende
217 3645 283 3698 nach
307 3644 364 3698 dem
391 3643 485 3696 Geselz
507 3645 553 3698 der
570 3645 654 3698 Noth-
689 3630 792 3704 ἄφεσις
810 3633 957 3707 ἁμαρτιῶν
979 3633 1051 3708 ὑπὲρ
1075 3630 1115 3692 oio
1133 3656 1225 3706 προη-

114 3729 270 3797 wendiglieit
287 3729 400 3796 geboreu
414 3728 491 3782 sind“
506 3733 556 3784 ete.
582 3729 654 3782 Neu·
689 3717 833 3792 orioroprv
852 3726 923 3794 (coll.
940 3739 1033 3792 supra:
1055 3721 1112 3776 coir
1132 3738 1224 3790 προη-
1331 3715 1334 3722 ’

113 3817 210 3885 liquam
233 3815 281 3866 hoc
307 3813 364 3867 loco
385 3811 544 3880 significatur
563 3827 655 3880 pecca·
688 3806 874 3876 μαρτημένων
893 3803 966 3876 dm).

113 3905 168 3954 tum
197 3897 338 3966 originale,
365 3897 411 3950 sed
438 3897 566 3950 hominum
593 3911 655 3966 pro·
746 3892 787 3947 ll.
800 3888 1226 3962 drammatis]Conieceritquis-

115 3986 213 4046 olivitas
228 3984 260 4038 ed
275 3979 439 4052 peccandum,
457 3979 584 4034 Adiioitur
601 3985 655 4035 sta·
689 3976 755 4045 piem
772 3977 906 4045 legendum
934 3975 1130 4041 ἀναατοοφαῖς
1156 3965 1226 4040 (ride

113 4072 176 4124 tim:
201 4066 232 4124 iv
251 4065 330 4124 idere
355 4063 478 4134 mediore
495 4063 543 4120 uel
564 4083 655 4134 πουη-
690 4078 713 4118 o.
730 4061 772 4116 59.
790 4079 816 4117 n.
834 4064 882 4132 2):
902 4060 1112 4133 praedoquidem
1183 4055 1226 4107 io-

115 4160 180 4224 poie
206 4149 388 4223 ἅνατροφαῖς
413 4148 573 4220 γεγόναμεν.
614 4149 653 4204 cl.
690 4149 800 4202 &dimus
816 4147 1000 4201 io...mclcm
1012 4143 1083 4196 vitoe
1097 4143 1228 4196 sotiorum

115 4243 310 4308 Brumgarten-
322 4237 409 4294 drusii
418 4237 508 4308 Gomp.
518 4237 545 4294 d.
556 4233 655 4292 virtut
690 4228 878 4301 („si1ndhaiten
896 4227 1045 4297 Waodel‘).
1070 4228 1130 4284 Non
1146 4231 1225 4280 muto.

156 4339 191 4399 Τ.
204 4337 227 4398 Ι.
250 4337 286 4397 Ρ.
299 4335 323 4396 Ι.
1019 4329 1059 4386 10
