2910 4774
217 263 284 328 212
670 259 891 324 APPENDIX.

217 429 376 512 ἀρξόμενοι
397 427 435 498 οῦ
453 432 550 516 βελιῦν
571 428 756 512 παρδρτησιν
777 425 845 494 οῦτε
868 425 971 494 ύπλων
987 423 1055 492 οῦτε
1077 429 1256 513 σαλπίγγων,
1276 425 1323 524 διδ

218 540 252 606 τό
284 539 395 624 ἐχθρόν
422 537 498 606 εἶναι
522 541 555 606 τό
581 544 699 604 τοιοῦτο
724 534 828 613 αύτοῖς
852 538 900 604 διδ
931 535 985 604 τόν
1013 535 1104 615 θεόν,
1134 536 1172 604 όν
1196 533 1354 620 φοροῦσιΕ

218 651 293 716 κατύ
309 654 488 732 συνείδησιν.
533 647 666 724 1δί’]ίκός
686 641 743 713 ούν
758 650 853 725 ἐστιν,
876 644 930 722 οὓς
948 642 1201 728 ὑπολαμβάνομεν
1216 644 1326 722 α’θὲους

217 758 295 828 είναι
315 757 362 826 ότι
381 759 458 826 θεόν
479 763 597 844 ίχουσιν
619 756 787 840 αύτόματον
802 759 835 823 ἐν
859 762 898 844 τῇ
921 757 1085 838 συνειδήσει
1107 759 1325 839 τετειχισμένον.

216 869 372 954 Ῥίψαντες
392 867 447 954 γύρ
476 867 602 944 ἑαυτούς
624 870 671 934 ἐπί
692 867 747 948 τὴν
768 873 825 951 γῆν
852 863 908 950 ούχ
933 863 1009 949 ύπὲρ
1032 869 1105 948 ἐμοῦ
1125 867 1223 948 μόνον
1248 864 1326 947 ἐδεή-

216 989 320 1063 θησαν
342 979 415 1045 du&
436 981 485 1046 καί
510 978 587 1060 ύπέρ
612 977 640 1016 ¹⁸
650 983 703 1041 τοῦ
723 977 873 1060 παρόντος
898 972 1131 1059 στρατεύματος,
1153 976 1325 1060 παρήγορον

217 1092 358 1175 γενέσθαι
378 1094 470 1172 δίψης
492 1090 542 1154 καί
568 1091 656 1170 λιμοῦ
677 1091 731 1168 τῆς
758 1087 919 1170 παρούσης.
963 1093 1131 1167 Πεμπταῖοι
1158 1088 1215 1169 γὰρ
1244 1084 1326 1168 ῦδωρ

218 1198 274 1266 ούκ
295 1196 465 1282 εἰλήφαμεν
485 1200 534 1262 διδ
554 1198 587 1262 τδ
612 1195 652 1278 μή
676 1205 830 1279 παρεῖναι·
853 1189 928 1278 ἦμεν
949 1194 1004 1281 γύρ
1026 1199 1059 1263 ἐν
1080 1202 1123 1284 τῷ
1145 1193 1325 1281 μεσομφύλςο
1336 1208 1377 1260 102

218 1319 273 1395 τῆς
294 1314 460 1394 Γερμανίας
483 1308 533 1372 καί
563 1315 626 1382 τοῖς
648 1306 730 1390 ὅροις
752 1306 781 1344 ¹⁴
794 1304 903 1370 αύτιῦν.
937 1303 1018 1388 ’Ἅμα
1043 1307 1075 1372 δὲ
1096 1313 1139 1393 τῷ
1164 1307 1193 1344 ¹³
1202 1303 1328 1381 τούτους

218 1425 306 1506 ῥίψαι
326 1421 373 1486 ἐπί
399 1420 455 1501 τὴν
482 1421 541 1501 γῆν
565 1413 691 1492 ἐαυτούς
712 1418 761 1480 καλ
786 1415 927 1498 εύχεσθαι
955 1422 1036 1504 θεῷ,
1057 1411 1082 1502 ηδ
1106 1418 1161 1500 ἐγυί
1185 1413 1327 1500 ἠγνόουν,

219 1528 373 1606 16εύθὲως
394 1527 476 1612 ύδωρ
499 1524 661 1609 ἠκολούθει
682 1523 869 1608 ούρανόθεν,
893 1528 940 1592 ἐπὶ
958 1527 1014 1608 μὲν
1033 1524 1112 1608 ἡμᾶς
1127 1527 1327 1608 ψυχρότατον,

217 1641 266 1706 ἐπὶ
296 1640 328 1705 δὲ
355 1640 427 1714 τούς
450 1635 607 1719 Ῥωμαίων
635 1632 813 1717 ἐπιβούλους
841 1635 952 1718 χάλαζα
974 1636 1126 1718 πυροίδης.
1165 1633 1254 1702 Ἀλλύ
1278 1637 1328 1700 καλ

218 1747 297 1814 εῦθῦ
321 1753 398 1812 θεοῦ
424 1749 591 1828 παρουσίαν
613 1747 644 1810 ἐν
668 1741 742 1831 εύχῇ
763 1746 922 1828 γινομένην
947 1750 1114 1831 παραυτίκα
1136 1743 1180 1822 οἷς
1200 1743 1327 1830 α’νυπερ-

217 1854 333 1941 βλήτου
352 1859 402 1922 καὶ
422 1852 656 1920 1ἐιίκαταλύτου.
700 1850 845 1920 Αύτύθεν
866 1851 924 1920 οῦν
951 1851 1108 1939 ἀρξόμενοι
1131 1852 1329 1940 συγχωρήσω-

218 1991 272 2051 μεν
292 1976 356 2042 τοῖς
371 1966 517 2040 τοιούτοις
535 1962 611 2030 εἶναι
633 1971 839 2048 Χριστιανοῖς,
862 1967 914 2030 ἵνα
933 1962 974 2047 μή
996 1963 1066 2030 καθ’
1080 1964 1168 2048 ἡμῶν
1183 1993 1210 2030 τι
1230 1969 1359 2032 τοιοῦΒ

218 2103 272 2142 τον
294 2072 484 2157 αἰτησόμενοι
502 2074 596 2140 ὅπλον
616 2074 783 2157 ἐπιτύχωσι.
828 2071 890 2140 Τόν
912 2077 944 2142 δέ
965 2081 1102 2154 τοιοῦτον
1121 2078 1327 2158 συμβουλεύω,

219 2185 268 2252 διδ
291 2184 323 2252 τό
346 2191 484 2251 τοιοῦτον
506 2182 582 2249 είναι
597 2183 785 2267 Χριστιανόν,
815 2183 856 2266 μὴ
879 2187 1078 2269 ἐγκαλεῖσθαι.
1120 2189 1164 2250 Ec
1185 2188 1218 2252 δὲ
1241 2185 1328 2268 εύρε-

218 2299 288 2376 θείη
315 2321 360 2371 τις
388 2297 519 2379 ἐγκαλῶν
543 2300 585 2382 τςῦ
608 2295 781 2381 Χριστιανηῦ
809 2292 855 2360 ότι
878 2292 1059 2378 Χριστιανός
1087 2297 1162 2374 ἐστι,
1190 2295 1244 2362 τόν
1272 2297 1327 2378 μὲν

217 2405 442 2490 προσαγόμενον
473 2405 655 2487 Χριστιανόν
679 2405 829 2488 πρόδηλον
853 2401 929 2469 εἶναι
957 2402 1119 2488 βούλομαι,
1155 2406 1327 2489 18γίνεσθαι

218 2512 442 2599 ὁμολογήσαντα
462 2519 568 2588 τοῦτο,
592 2513 662 2578 όίλλο
682 2515 783 2598 ἕτερον
801 2516 894 2598 μηδὲν
913 2515 1127 2599 ἐγκαλούμενον
1147 2512 1166 2596 ἢ
1187 2511 1234 2580 ότι
1253 2522 1326 2600 Χρι·

218 2625 338 2700 στιανός
361 2626 421 2690 ἐστι
441 2621 551 2706 μόνον,
573 2623 628 2689 τόν
649 2623 836 2710 προσάγοντα
864 2626 896 2690 δέ
918 2631 1026 2689 τοῦτον
1051 2629 1151 2701 ζεῦντα
1172 2627 1326 2689 καίεσθαι·

217 2737 272 2801 τόν
301 2735 333 2800 δέ
356 2733 539 2818 Χριστιανόν
567 2732 906 2821 όμολογήσανταέίκαὶ
937 2734 1237 2816 συνασφαλισύμενον
1258 2737 1363 2822 περίῦ

217 2850 273 2910 τοῦ
297 2840 452 2923 τοιούτου,
473 2842 527 2910 τόν
549 2847 779 2926 πεπιστευμένον
798 2843 855 2928 τήν
875 2847 1017 2927 ἐπαρχίαν
1032 2846 1074 2919 είς
1095 2843 1255 2926 μετάνοιαν
1275 2847 1325 2911 καί

217 2952 429 3034 αἷνελευθερίαυ
449 2951 502 3018 τόν
521 2960 659 3018 τοιοῦτον
680 2953 720 3038 μη“
743 2954 884 3037 μετύγειν.
929 2960 1030 3018 Ταῦτα
1049 2955 1082 3019 δὲ
1106 2956 1154 3018 καλ
1178 2960 1234 3038 τῆς
1257 2976 1324 3039 συγ-

216 3061 327 3148 κλήτου
345 3061 468 3146 δόγματι
488 3069 667 3148 κυρωθῆναι
682 3064 847 3147 βούλομαι,
870 3064 919 3127 καί
939 3060 1048 3128 κελεύω
1069 3061 1157 3129 τοῦτό
1173 3090 1233 3146 μου
1253 3063 1283 3103 ²⁰
1291 3063 1323 3130 τδ

270 3275 311 3330 12.
333 3269 419 3337 Εἰκδς
435 3264 488 3328 ούν
501 3269 589 3339 ἐστιν]
607 3277 677 3332 Haec
689 3277 753 3330 Sca·
788 3274 939 3330 Germanos.
972 3275 1048 3328 initio
1067 3275 1215 3344 Epistolae:
1241 3273 1270 3331 ἐν
1292 3277 1323 3346 τῇ

216 3361 282 3427 liger
296 3358 433 3412 omittenda
448 3361 553 3426 putavit.
570 3361 674 3414 Rectius
696 3379 753 3415 cum
788 3360 931 3432 Γερμανίᾳ
1000 3358 1029 3414 ἐν
1042 3361 1074 3430 τῇ
1092 3362 1224 3431 μεθορίᾳ.
1259 3363 1323 3414 Par-

218 3443 354 3509 Sylburgio
388 3436 432 3496 ότι
457 3445 560 3513 reposui
593 3451 651 3498 ειιλο
682 3442 753 3498 θεόν
786 3446 888 3498 ticulam
903 3443 949 3498 καί
965 3447 1128 3514 ορωιεςοῑίιτ
1145 3446 1206 3498 licet
1223 3462 1323 3516 capere.

217 3525 338 3594 ἔχουσιν.
375 3527 485 3582 Grahius
510 3543 570 3583 νεεο
588 3530 661 3598 μίσεα
683 3529 752 3584 desi·
786 3530 854 3582 Male
881 3529 1033 3598 Sylburgius
1060 3529 1195 3596 legendum
1225 3531 1324 3583 censuit

216 3613 323 3667 detavit.
786 3609 884 3669 αῦτῦν
905 3631 938 3664 :
955 3607 1035 3681 ἡμῶν
1060 3609 1172 3678 αὐτῶν,
1201 3617 1227 3670 λι,
1249 3632 1272 3669 e.
1294 3618 1324 3668 ιἰι

286 3696 327 3752 13.
348 3715 373 3750 τ.
398 3691 540 3765 παρόντος
562 3705 669 3767 στρατ.]
691 3701 750 3768 Syl·
785 3701 882 3769 βαίδιω
897 3701 1004 3753 nostris.
1032 3699 1147 3752 Keslner
1169 3699 1236 3768 (Die
1251 3701 1324 3768 Δρο-

215 3785 289 3851 burg.
312 3788 338 3836 et
352 3783 449 3838 Thirlb.
473 3783 577 3836 mallent
598 3803 623 3838 τ.
643 3781 751 3848 πόντος
781 3802 817 3854 με
844 3787 907 3839 οδοτ
929 3785 954 3836 δ.
979 3785 1095 3850 ραίιοίοιο
1125 3785 1263 3838 Weltbund
1295 3787 1321 3839 δ.

215 3864 432 3935 στρατεύματος.
451 3868 512 3919 Mox
525 3884 539 3921 α
554 3868 684 3936 scaligero
695 3885 750 3923 οεο-
786 3870 915 3923 θὀιίείοιι.
925 3868 980 3922 len.
992 3867 1066 3920 1819.
1075 3882 1101 3935 p.
1110 3865 1176 3936 470)
1186 3885 1232 3937 pro
1246 3863 1323 3936 ὅροις

215 3954 284 4005 nitus
313 3953 380 4006 edidi
406 3948 570 4020 παρήγοροι
598 3954 656 4022 (pro
681 3955 749 4022 vulg.
784 3953 874 4021 reponi
904 3952 992 4004 maluit
1013 3945 1099 4018 όρεοι.
1142 3952 1322 4008 Eichstadius:

214 4032 394 4105 παρήγοροι),
415 4038 481 4106 quod
495 4037 526 4090 αδ
540 4035 613 4090 deum
628 4038 749 4104 pertinet.
784 4037 833 4091 κοιλ
851 4040 911 4098 τοῖς
929 4031 1008 4104 ίίροις
1022 4031 1173 4091 Κονύδων.

284 4137 326 4192 14.
347 4131 454 4200 αὐτῶν]
483 4137 539 4190 Ηοο
552 4151 691 4204 pronomen
706 4153 752 4190 re-¹
845 4119 886 4176 15·
906 4120 1037 4185 τούτοοε]
1057 4118 1320 4191 5ῑτο1οοο·τοο’τοτε·

215 4217 347 4272 ἐπεικάσαι
363 4220 447 4273 estad
464 4220 634 4274 Romanorum
653 4221 750 4289 hostes,
845 4220 885 4276 16.
900 4217 1023 4285 ου’θέας.
1034 4260 1040 4274 .
1051 4215 1260 4290 .ιίκαταλύτου]
1284 4227 1321 4279 θα
