2900 4776
434 310 442 321 .
526 259 737 326 hechonis
769 262 793 322 1.
1171 257 1234 324 12³

117 452 235 500 carnes
250 429 354 498 denuo
368 435 576 497 succrescent.
594 429 643 497 Et
657 451 741 516 genu
755 451 843 496 omne
853 428 1039 496 mercabitur
1050 427 1187 501 donnino,
1202 431 1234 494 et

117 543 227 608 omnis
237 543 350 628 lingua
364 541 539 609 celebrabit
555 565 635 609 curn.
667 545 702 606 In
719 546 806 622 quali
821 546 924 604 eutem
938 561 1034 604 sensu
1047 546 1079 604 ct
1094 544 1235 604 cruciatu

116 658 219 718 futuri
235 658 298 716 sint
316 657 440 734 iniusti,
464 657 569 718 audite
586 673 666 734 quae
685 657 831 717 simililer
852 657 924 714 sunt
944 656 984 714 de
1007 655 1067 714 hac
1085 673 1122 714 re
1139 655 1233 715 dicte.

118 769 200 828 Sunt
218 768 312 828 haec:
342 763 463 830 Vernis
488 785 596 828 eorurn
617 785 681 828 non
701 763 863 850 sopietur,
887 766 920 826 et
941 761 1027 847 ignis
1044 784 1153 826 eorum
1170 783 1234 826 noo

118 875 355 960 exstinguetur.
404 876 446 938 Et
472 879 546 937 tnnc
576 878 802 955 poenitentiam
828 877 939 952 agent,
970 893 1062 952 quum
1091 875 1170 934 nihil
1193 855 1241 934 iis*

117 989 273 1066 proderit.
319 989 475 1058 Quaenam
501 990 606 1048 eutem
628 989 740 1066 populi
767 986 954 1046 Iudaeorum
978 987 1093 1046 dicturi
1115 986 1178 1044 sint
1201 987 1234 1044 et

117 1099 253 1176 facturi,
276 1116 368 1174 quum
387 1115 456 1158 eum
479 1099 630 1158 videbunt
649 1098 681 1156 in
703 1098 807 1174 glorie
829 1097 1068 1174 advenientem,
1091 1113 1150 1174 per
1168 1096 1234 1154 Za·

116 1210 258 1270 chariam
281 1209 469 1286 prophetam
488 1209 543 1268 sio
566 1209 761 1284 praedictum
783 1210 850 1266 est:
874 1201 1079 1290 Proecipr'om
1094 1206 1234 1288 quatuor

115 1316 224 1382 ventis
237 1319 274 1380 ut
289 1318 480 1400 congregent
494 1315 662 1402 dispersos
676 1314 815 1390 liberos,
833 1315 1036 1401 praecipiam
1052 1313 1179 1378 Boreae
1197 1315 1234 1376 ut

107 1423 222 1516 serat,
245 1429 277 1490 et
292 1425 412 1490 Austro
430 1427 467 1490 ut
490 1447 530 1490 ne
547 1425 717 1512 impingat.
756 1423 806 1490 Et
829 1427 896 1490 turn
917 1423 1153 1508 Hierosolymis
1171 1423 1235 1487 erit

114 1537 271 1626 planatus
294 1537 421 1622 ingens,
442 1558 505 1600 non
528 1535 682 1623 planctus
706 1535 773 1599 oris
790 1538 849 1599 out
871 1534 1047 1610 lubiorum,
1065 1535 1125 1599 sed
1138 1533 1235 1620 plan·
1271 1515 1276 1526 l

116 1652 190 1714 ctus
219 1647 344 1719 cordis,
375 1651 407 1712 et
438 1669 501 1711 uon
523 1645 672 1710 scindent
691 1647 876 1712 oestiruentc
902 1668 981 1721 sua,
1010 1645 1070 1710 sed
1101 1648 1232 1709 rnentes.

116 1758 168 1824 Et
184 1757 343 1845 plangent
356 1757 462 1822 tribus
477 1757 523 1822 ael
541 1757 675 1833 tribuno,
696 1761 729 1822 et
750 1761 827 1822 trrnc
842 1755 995 1822 videbunt
1014 1755 1155 1840 inquens
1170 1777 1234 1842 pu·

113 1864 300 1958 pu'gerunt,
323 1890 363 1933 oc
382 1867 509 1933 dicent:
536 1867 619 1946 Cur,
648 1866 791 1942 domine,
820 1867 974 1932 aberrare
996 1887 1052 1930 nos
1067 1863 1189 1954 serisii
1212 1887 1235 1929 o

115 1981 172 2046 oio
193 1979 277 2045 tuo?
296 1978 439 2056 Gloria,
469 1979 522 2044 cut
544 1978 776 2045 benedixerunt
796 1981 915 2062 patres
937 1977 1058 2057 nostri,
1079 1997 1235 2042 conuerso

116 2091 211 2156 nobis
225 2095 275 2156 est
290 2089 556 2174 iujgrrominianc.
1285 2067 1291 2088 ,

205 2306 256 2364 53.
288 2303 377 2364 Licet
400 2305 514 2365 multas
546 2322 622 2366 sane
645 2305 739 2365 etiarn
767 2305 848 2364 alias
874 2301 1061 2382 prophetias
1086 2298 1233 2379 proferre

115 2431 294 2492 possemne,
318 2417 422 2480 temen
438 2417 530 2478 finem
547 2415 687 2493 fecimus,
713 2433 806 2492 quum
822 2415 899 2474 satis
915 2415 994 2474 istas
1011 2429 1083 2474 esse
1101 2413 1141 2472 ed
1154 2427 1233 2488 per·

114 2525 296 2584 suasionem
323 2526 511 2587 arbitremur
535 2527 574 2587 iis
599 2527 652 2602 qui
674 2540 767 2586 eures
788 2527 828 2586 ad
850 2525 1038 2584 audiendum
1063 2524 1095 2583 el
1110 2521 1233 2582 intelli-

114 2636 254 2714 gendum
274 2636 404 2697 idoneas
425 2635 559 2714 hebeni,
575 2633 576 2636 ’
590 2653 743 2712 quumque
764 2651 820 2694 eos
840 2635 1024 2712 perspicere
1047 2650 1144 2712 posse
1163 2633 1233 2694 exi-

114 2748 280 2808 stimemus
304 2747 482 2821 neutiquam
508 2762 566 2805 nos
589 2761 677 2806 more
705 2745 900 2822 fabularum,
927 2762 1009 2820 quae
1033 2745 1072 2804 de
1096 2743 1233 2820 opinatis

113 2855 203 2918 Iovis
220 2855 293 2914 filiis
307 2855 467 2933 seruntur,
489 2857 596 2916 dicere
612 2856 746 2934 quidem,
770 2856 828 2916 sed
843 2856 1060 2916 demonstrare
1077 2870 1138 2914 nan
1153 2868 1233 2929 pos-

113 2983 161 3026 se.
208 2964 275 3034 Qua
292 2967 373 3026 enim
388 2967 512 3028 ratione
531 2967 648 3026 homini
666 2967 815 3028 crucifixo
831 2965 1048 3040 crederemus,
1072 2977 1232 3024 comesse

113 3077 361 3154 primogenitum
377 3077 516 3154 ingenito
534 3079 594 3136 deo
611 3079 643 3138 et
658 3054 804 3136 iudicium
818 3076 857 3136 de
871 3076 1020 3136 universo
1037 3089 1156 3150 genere
1170 3071 1233 3132 hu·-

114 3203 208 3246 msno
227 3185 380 3247 isiciorum
390 3231 398 3264 ,
420 3189 481 3252 uisi
499 3189 678 3249 testimonia
695 3189 733 3248 de
750 3203 788 3246 eo
809 3187 897 3263 prius
914 3201 1005 3260 quom
1018 3183 1112 3244 homo
1129 3181 1232 3244 factus

114 3298 206 3358 venit
219 3297 419 3375 promulgate
434 3299 645 3360 inveniremus
661 3314 761 3374 eaque
777 3298 892 3358 eventu
906 3296 1029 3356 firmata
1041 3295 1233 3372 videremus,

114 3533 202 3590 sutem
214 3529 308 3598 portior
328 3531 435 3599 lessies,
453 3531 545 3599 purtim
561 3531 656 3584 Zechs-
750 3531 774 3583 1.
790 3526 841 3598 μὲν
857 3519 921 3592 οὖν]
932 3527 1094 3583 Adhibentur
1109 3530 1157 3583 hee
1171 3543 1232 3598 par·

112 3615 188 3682 rinc,
217 3614 312 3682 purtim
333 3616 414 3683 ipsius
437 3615 537 3671 lustini.
567 3617 656 3670 Ticini·
691 3615 782 3669 ticulec
809 3615 852 3683 (ut
876 3615 934 3668 alibi
952 3612 1018 3680 apud
1041 3613 1180 3682 lustinum)
1201 3612 1232 3664 sd

115 3700 185 3753 bius.
691 3699 886 3752 continuandam
900 3700 1041 3750 orationem
1052 3713 1107 3750 cunr
1123 3696 1229 3764 quadarn

690 3783 860 3836 conclusionis
875 3781 1069 3849 significatione.
1091 3780 1129 3834 cf.
1142 3779 1230 3834 Klotz.

184 3807 211 3862 9.
227 3804 656 3876 ’urceorum-nevssntww
691 3867 823 3921 adnm,
850 3866 897 3918 γυ]
922 3867 948 3919 11
977 3883 994 3936 p
1023 3865 1075 3918 662
1086 3880 1116 3932 sq

113 3923 150 3933 —
170 3889 230 3946 Καὶ
249 3887 314 3946 τότε
338 3889 382 3946 ἐν.
396 3889 606 3964 ..ἐξεκέντησαν
622 3923 656 3938 -·

116 3979 154 4036 Τί
228 3969 351 4041 ὄνειδος]
371 3979 475 4033 Zachsr.
498 3980 524 4048 2,
546 3981 563 4032 6
582 3982 653 4050 (coll.
759 3977 785 4030 2.
807 3971 1004 4043 ἐπαυσάμεθα]
1035 3973 1113 4028 codd.
1128 3975 1187 4028 meti
1205 3975 1231 4028 in

112 4061 251 4130 lessiiir,
269 4063 335 4132 5sq.
360 4067 386 4116 ei
412 4064 455 4131 11,
473 4064 517 4132 12)
545 4095 580 4108 -
606 4068 655 4120 Ze·
690 4078 771 4129 marg.
792 4056 952 4129 παυόμεθα.

113 4152 185 4204 chor.
201 4149 243 4216 lt,
267 4148 380 4202 10—12
398 4148 469 4216 (coll.
485 4151 547 4206 leel.
563 4151 591 4218 2,
610 4149 655 4218 13)
759 4147 786 4201 8.
807 4142 927 4202 ciii'orin
940 4138 1024 4200 inst.
1041 4141 1152 4214 essue]
1169 4145 1230 4198 vine

113 4233 304 4301 -lesoirbss
325 4232 365 4288 17.
386 4231 491 4301 64„st
602 4233 605 4240 '
692 4229 862 4288 sternitis.
