2914 4774
232 239 299 290 vm

232 397 314 470 duim
341 397 823 500 quinquenninm'deeurrerit
844 408 923 494 post
946 401 1096 492 primum
1119 400 1246 494 prioris
1268 401 1348 472 edi-

230 527 331 595 tionis
357 534 488 594 tomum
509 525 603 618 typis
628 523 857 620 descriptum,
896 527 1036 596 omnino
1070 532 1218 619 praeter
1245 516 1347 620 spem

233 651 357 724 evenit.

330 775 371 844 In
386 775 492 844 ultera
505 774 572 843 hae
589 775 739 844 editione
756 775 801 845 ad
823 784 953 845 textum
971 771 1258 846 conformandum
1275 801 1345 850 no-

229 926 271 972 va
290 901 440 972 subsidia
456 901 573 970 critica
587 901 742 987 adhibui
769 901 1007 972 adnotationes
1026 925 1131 994 saepe
1148 903 1345 994 amplifica-

227 1029 263 1098 vi
277 1050 451 1116 novasque
470 1026 596 1120 passim
607 1025 755 1114 addidi,
781 1027 971 1094 versionem
988 1029 1127 1096 latinam
1145 1027 1240 1096 hand
1262 1053 1344 1098 raro

229 1151 426 1237 emendavi,
452 1151 704 1244 prolegomena
722 1159 757 1218 et
771 1150 900 1218 indices
921 1153 1065 1220 conexi.
1119 1154 1255 1238 Quibus
1278 1177 1343 1224 ou-

227 1277 274 1345 ris
295 1275 451 1354 secundis
469 1275 498 1344 si
513 1297 579 1366 pro
598 1275 726 1360 viribus
744 1273 812 1343 feei
826 1283 864 1343 ut
881 1275 1001 1344 Iustini
1017 1299 1126 1369 opera
1145 1279 1342 1349 indubitata

228 1409 263 1470 et
279 1400 479 1468 addubitata
500 1408 535 1468 et
554 1399 733 1468 subditicio
747 1401 912 1492 legantur
935 1402 1057 1469 rectius
1073 1404 1267 1493 meliusque
1282 1407 1338 1474 in-

227 1527 438 1618 telligatur,
466 1524 566 1593 effeci
580 1525 618 1593 id
644 1525 738 1614 quod
765 1525 851 1592 mihi
867 1547 1128 1618 proposueram.
1183 1531 1222 1598 si
1253 1533 1340 1621 quid

109 1734 113 1743 μ
227 1659 340 1719 autem
356 1651 538 1719 titubatum
554 1659 617 1736 est,
643 1651 744 1740 aequi
763 1649 1009 1719 condonabunt
1031 1653 1162 1742 arbitri,
1190 1657 1250 1744 qui
1266 1680 1340 1725 non

227 1797 269 1846 ex
284 1776 324 1844 iis
343 1799 430 1866 quae
446 1799 553 1868 prava
568 1782 646 1844 sunt
665 1774 726 1845 sed
744 1799 834 1865 qnae
855 1776 965 1844 nitent
981 1777 1131 1867 pretium
1155 1783 1256 1871 operi
1275 1805 1337 1851 so.

225 1901 299 1969 lent
314 1902 530 1970 constituere.
580 1901 740 1990 Denique
761 1901 838 1968 fieri
860 1923 931 1970 non
954 1911 1070 1994 potest
1093 1905 1177 1993 quin
1202 1908 1337 1978 animus

224 2048 321 2094 rneus
342 2025 387 2092 ad
404 2026 529 2116 gratias
545 2026 622 2093 Deo
643 2024 788 2117 Optimo
807 2025 1081 2118 Benignissimo,
1106 2031 1165 2118 qui
1180 2055 1336 2124 prospe-

225 2172 301 2218 rnrn
318 2172 510 2219 successum
523 2149 630 2237 dedit,
657 2150 904 2244 persolvendas
921 2175 1024 2242 quarn
1042 2155 1203 2227 maximas
1223 2159 1337 2228 rehe-

224 2285 358 2360 meuter
375 2284 626 2367 permoveatur.

258 2381 265 2390 ’
328 2401 462 2496 Scripsi
475 2401 577 2468 lenae
593 2402 775 2471 laetissimo
791 2401 849 2472 die
864 2401 1051 2480 Paschatos

471 2550 501 2596 a
519 2525 831 2600 mucccxnvss.
