2900 4776
549 224 760 310 ⁴lrouoom
784 244 809 308 1.
1172 245 1235 314 1oe
1269 215 1271 220 ’

121 418 175 478 est
191 417 223 478 in
240 433 297 477 eos
316 417 368 494 qui
386 401 556 496 Hystaspis
580 418 634 478 aut
654 417 797 496 Sibyllae
819 419 874 478 aut
893 416 1120 497 prophetarum
1133 419 1235 485 libros

120 529 241 606 legunt,
262 529 325 587 tum
337 530 371 588 ut
387 530 472 588 motu
485 527 626 588 homiues
643 528 827 588 deterreant
842 530 1003 604 quominus
1022 529 1072 590 his
1089 530 1235 608 legendis

120 639 274 700 bonarum
287 655 392 698 rerum
408 639 617 715 cognitionem
633 641 856 716 assequantur,
878 640 943 698 tum
959 641 994 698 ut
1011 656 1067 699 eos
1083 641 1145 699 sibi
1163 657 1235 700 ser-

120 764 181 808 vos
198 749 371 806 retineant:
396 749 480 823 quod
500 749 623 824 quidem
642 748 673 806 iu
692 751 880 826 perpetuum
896 748 1024 809 efficere
1040 765 1103 809 ¹non
1119 751 1237 826 potue-.

121 859 205 918 runt.
226 855 387 934 Impavide
405 857 486 916 euim
502 873 564 915 non
582 857 682 916 solum
695 857 770 924 illos
785 858 929 936 legimus,
952 858 1010 918 sed
1024 859 1115 918 vobis
1131 860 1235 936 etiam,

122 970 159 1029 ut
175 968 310 1044 videtis,
339 966 551 1043 inspiciendos
577 966 752 1044 offerimus,
781 985 874 1043 quum
898 967 1034 1028 futurum
1051 970 1187 1028 sciamus
1201 971 1236 1028 ut

122 1078 209 1156 grati
224 1076 366 1136 omnibus
381 1075 558 1136 videantur.
594 1075 699 1152 Atque
718 1077 842 1136 etiamsi
856 1078 965 1154 paucis
979 1080 1235 1156 persuadeamus,

122 1189 258 1248 maxima
274 1188 378 1245 tamen
401 1186 473 1244 inde
498 1184 586 1244 lucra
609 1185 766 1264 feremus3
790 1204 861 1248 nam
884 1190 919 1248 ut
942 1189 1102 1266 agricolae
1126 1189 1236 1248 bouia

123 1298 249 1360 domiuo
271 1296 447 1356 mercedem
459 1295 626 1372 capiemus.

210 1407 262 1467 oe.
285 1405 375 1476 Quod
390 1405 492 1464 autem
507 1421 624 1482 pareus
642 1406 865 1494 omniumdous
876 1407 1043 1486 Christum,
1068 1409 1236 1487 postquam

123 1534 195 1580 eum
214 1533 254 1576 ex
268 1516 399 1575 mortuis
416 1515 583 1592 excitavit,
604 1515 637 1574 in
652 1517 773 1576 coelum
788 1519 955 1580 evecturus
972 1521 1056 1596 erat,
1079 1521 1111 1577 et
1125 1521 1239 1582 reten-.

121 1630 215 1688 turus
233 1627 332 1686 donee
344 1626 501 1703 percutiat
515 1625 656 1685 inimicos
676 1627 706 1684 ei
722 1627 899 1704 daemones,
923 1643 961 1686 ac
976 1643 1122 1688 numerus
1137 1642 1236 1704 prae·

121 1737 320 1814 cognitorum
336 1737 429 1794 abeo
445 1735 598 1796 bonorum
620 1735 802 1810 virtuteque
826 1735 1040 1812 praeditorum
1057 1737 1236 1812 expleatur,

121 1848 258 1925 propter
274 1862 352 1921 quos
370 1845 463 1904 etiam
486 1845 607 1904 decreti
623 1844 887 1903 confirmationem
908 1845 1043 1904 nondum
1062 1844 1157 1922 iecit,
1177 1861 1236 1904 au-

124 1955 191 2016 dite
215 1956 315 2016 verba
339 1955 471 2014 Davidis
496 1953 684 2032 prophetae.
728 1953 806 2013 Sunt
827 1953 925 2013 haec:
959 1949 1059 2015 Dixit
1088 1949 1236 2015 dominus

124 2059 253 2128 domino
282 2082 371 2127 meo:
400 2059 486 2126 Sede
506 2083 527 2126 a
550 2059 678 2126 deutris
701 2059 795 2136 meis,
824 2057 925 2126 donec
948 2080 1067 2147 ponem
1090 2061 1236 2126 inimicos

123 2173 200 2238 tuos
214 2171 385 2238 scabellum
395 2169 516 2257 pedum
535 2173 672 2236 iecorum.
710 2169 838 2255 Virgom
853 2169 1020 2257 potentiae
1036 2171 1159 2236 mittet
1174 2169 1236 2236 iidi

124 2282 272 2348 dominus
286 2279 539 2368 Hierosolymis3
570 2283 601 2346 et
624 2279 788 2346 dominere
803 2280 838 2344 ire
858 2278 974 2344 mediis
996 2279 1134 2346 inimicis
1158 2281 1235 2346 tois.

130 2391 248 2458 Tecum
267 2391 475 2478 principatus
497 2389 552 2456 die
573 2391 740 2478 potentiae
764 2395 839 2456 tuae
861 2389 896 2454 io
912 2388 1140 2477 splendoribus
1162 2413 1236 2455 soo-

124 2506 248 2568 etorom
263 2505 406 2576 loorcmr
429 2523 470 2566 ex
483 2503 576 2566 utero
593 2504 668 2567 arete
689 2495 858 2589 luciferum
872 2503 906 2565 te
920 2499 1027 2584 genui.
1069 2502 1153 2564 Illud
1172 2505 1236 2582 igi-

124 2618 179 2676 tur
202 2615 317 2674 dictum
339 2610 469 2695 Virgom
483 2611 650 2697 poterclice
669 2611 792 2676 emittet
809 2611 871 2676 tibi
887 2609 1121 2697 Hierosolymis
1137 2631 1236 2691 prae-

126 2723 283 2803 significat
301 2727 462 2802 potentem
482 2724 670 2800 doctrinam,
696 2741 786 2799 quam
802 2724 870 2783 eius
893 2724 1032 2801 apostoli
1047 2723 1237 2801 Hierosoly-

125 2835 185 2896 mis
206 2833 342 2912 proiecti
366 2835 481 2910 ubique
503 2833 783 2912 praedicaverunt,
803 2835 854 2910 et,
878 2834 939 2892 etsi
960 2849 1044 2892 mors
1067 2833 1238 2892 constituta

126 2945 169 3005 sit
179 2945 362 3004 docentibus
375 2947 429 3004 aut
444 2943 566 3002 omnino
580 2942 798 3002 confitentibus
814 2957 925 3001 nomen
938 2940 1065 3018 Christi,
1086 2957 1144 3000 nos
1163 2942 1236 3001 ubi-

126 3069 187 3129 que
203 3057 235 3112 et
250 3055 464 3132 amplectimur
480 3054 513 3112 et
526 3053 681 3112 docemus.
724 3051 844 3120 Quodsi
858 3069 916 3110 vos
932 3067 1054 3127 quoque
1071 3050 1150 3110 haec
1166 3052 1237 3110 aui-

125 3179 176 3222 mo
200 3163 323 3222 inimico
345 3163 477 3241 legetis,
506 3161 585 3252 pihil
606 3161 756 3238 amplius,
785 3163 820 3220 ut
843 3161 903 3220 iam
928 3161 1078 3239 diximus,
1101 3161 1236 3238 potestis

127 3289 220 3349 quam
237 3273 400 3332 occidere:
422 3272 506 3348 quod
521 3271 612 3331 nobis
627 3270 750 3347 quidem
765 3270 882 3330 nullum
897 3271 1038 3334 damnum
1055 3269 1156 3349 affert,
1175 3288 1237 3332 vo·

126 3453 194 3492 sacr.
218 3438 252 3490 11.
281 3437 351 3506 cd)
377 3439 485 3492 coniecit
510 3435 668 3506 ἐκπύρωσιν
701 3437 803 3493 dicium.

126 3524 165 3592 (c.
179 3521 223 3577 ΞΟ.
243 3538 270 3592 p.
286 3521 329 3577 66.
355 3523 394 3591 D,
421 3539 443 3577 c.
460 3523 504 3579 57.
525 3541 551 3594 p.
566 3525 610 3580 91.
636 3525 666 3594 G,
768 3523 795 3577 l.
814 3517 903 3580 Εἶπεν
973 3519 1060 3596 ipim.
1074 3529 1116 3589 σε]
1141 3525 1235 3580 Pscim.

128 3607 211 3662 coo.
234 3623 260 3676 p.
279 3607 325 3663 93.
351 3608 381 3676 (l,
399 3607 475 3676 Apol.
490 3610 525 3663 11.
548 3627 570 3664 c.
586 3610 611 3666 7.
638 3625 664 3679 p.
702 3607 763 3678 109,
783 3609 872 3665 li-s.

126 3691 171 3747 45.
191 3693 236 3764 C),
254 3710 311 3746 cum
326 3708 406 3761 eoque
423 3695 518 3748 iaciunt
528 3695 665 3764 Thirlbius,
770 3693 795 3748 ⁵.
812 3713 829 3748 κ
851 3695 972 3762 IJVulgo
992 3694 1081 3762 deest3
1108 3694 1158 3746 iam
1175 3709 1236 3748 vero

127 3779 264 3843 dianonus,
291 3779 419 3846 interpres
448 3777 665 3846 Campidonensis.
701 3779 828 3846 Tilirlbius
871 3782 941 3833 enuit
952 3777 1163 3849 praemittendum
1176 3777 1238 3830 illud

129 3864 183 3918 Sed
200 3862 275 3916 lectio
289 3866 410 3928 recepta,
437 3860 509 3916 codd.
528 3863 600 3916 mstis
619 3861 666 3916 fir-
700 3861 748 3916 eut
764 3865 849 3916 verbis
880 3865 963 3931 uturp
979 3859 1236 3928 θανᾶτου...Χρι·

128 3943 213 4016 mata,
238 3947 301 4000 nihil
321 3945 467 4020 offensionis
484 3947 607 4016 praebet;
627 3951 667 4000 esi
701 3947 779 4002 croi.
813 3949 893 4000 Recto
912 3949 1054 4002 Braunius:
1079 3947 1183 4015 „Saepe
1202 3948 1237 4002 ita

129 4034 198 4086 enim
220 4029 412 4101 (Thalemann.)
431 4026 599 4099 ἐπικύρωσις
621 4034 666 4086 de·
700 4034 832 4100 peceatum
850 4031 1056 4100 estalihrariis,
1078 4035 1108 4084 ut
1131 4035 1238 4101 propter

129 4119 194 4172 creti
210 4117 449 4186 confirmatio,
467 4118 666 4184 consummatio,
701 4115 890 4170 similitudinem
911 4115 1035 4183 particula
1058 4115 1092 4169 sit
1114 4118 1236 4174 omisss.“

127 4199 272 4270 perfectio,
302 4199 333 4252 de
353 4199 438 4253 reditu
462 4199 556 4254 Cluisli
578 4199 609 4253 ad
626 4199 666 4254 iu·
771 4199 797 4254 6.
828 4193 866 4263 cic
884 4196 1060 4270 upoiqqpee]
1088 4201 1149 4256 Vide
1170 4218 1192 4256 c.
1209 4203 1235 4257 2.
