2900 4776
427 345 430 352 ι
542 301 751 367 arundell
778 305 801 366 l.
898 295 909 354 ἶ
1180 297 1227 374 ei)

105 495 215 557 paene
238 495 344 538 omnes
364 467 605 538 Samaritaniet
628 461 770 538 cx'aliis'
791 478 937 556 gentibus
959 462 1067 559 pauci,
1091 469 1227 560 prim'urn

103 591 206 650 deum
223 589 310 648 illum
332 605 406 648 esse
428 589 628 666 condientes,
651 589 740 648 illum
763 591 858 648 eiiam
874 591 1025 666 adorani;
1045 589 1141 667 aione
1160 591 1227 651 lle-

104 701 218 759 lenam
237 700 417 775 qnamdam,
446 715 610 774 piraeeum
630 699 686 758 illo
709 701 851 776 tempore
868 703 1027 760 associata
1044 704 1111 779 est,
1134 719 1227 778 quum

106 812 210 868 antea
226 809 256 866 in
281 809 426 886 lupanari
439 809 654 886 prosiliisset,
677 811 809 886 primam
826 811 892 869 eius
908 793 1072 870 notionem
1085 827 1157 870 esse
1175 813 1227 870 di-

106 919 236 979 ciilant.
280 917 401 979 Deinde
426 905 627 980 Menandrum
650 920 829 997 quemdam,
856 921 978 997 pariter
1001 905 1228 984 samaritanum

106 1047 131 1088 e
151 1030 222 1088 vico
243 1027 479 1106 Capparelaea,
504 1029 637 1092 Simonis
661 1007 862 1107 discipulum,
886 1047 905 1090 a
926 1031 1127 1092 daemonibus
1147 1047 1228 1106 quo-

106 1157 176 1215 que
193 1139 363 1218 agitatum,
387 1141 510 1217 mullis,
532 1157 624 1216 quum
647 1139 833 1200 Aniioelriae
849 1144 1050 1219 versaretur,
1072 1145 1142 1200 arte
1160 1157 1228 1200 ma-

108 1251 188 1327 glea
208 1249 350 1308 illusisse
375 1249 505 1310 seimus:
536 1251 589 1326 qui
621 1231 832 1310 seciaioribus
860 1253 954 1310 etiam
979 1251 1045 1310 suis
1069 1251 1229 1328 persuasit

108 1361 205 1437 ipsos
220 1360 343 1420 minime
357 1361 527 1422 morituros
549 1377 636 1437 esse,
659 1362 750 1420 etex
768 1360 854 1420 illius
872 1361 1040 1437 disciplina
1053 1361 1156 1424 adhuc
1173 1379 1229 1420 su-

110 1473 249 1552 persunt
270 1470 412 1530 nonnulli
438 1470 502 1530 lnoc
525 1471 721 1547 prolitentes.
766 1471 841 1530 Tum
858 1469 1047 1530 Marcionem
1066 1471 1229 1546 quemdam

111 1582 296 1658 Ponticum,
336 1579 389 1654 qui
413 1580 506 1640 etiam
531 1598 611 1640 nune
644 1581 782 1666 vivitne
807 1581 980 1666 discipulos
1010 1581 1106 1660 docel
1133 1581 1230 1650 alium

110 1692 281 1769 quemdam
313 1705 488 1766 agnoscere
519 1690 668 1749 maiorem
696 1691 801 1751 mundi
829 1690 941 1766 opilice
970 1691 1078 1749 deum:
1119 1690 1173 1765 qui
1198 1690 1230 1749 in

109 1803 201 1863 omni
223 1801 380 1860 hominnm
402 1815 520 1877 genere
544 1801 727 1860 daemonum
751 1801 929 1859 adiumento
954 1799 1059 1859 elleeit
1083 1801 1118 1860 ui
1141 1799 1230 1859 mulii

110 1911 333 1992 blasphemias
364 1910 506 1994 dicerent
527 1911 560 1970 ei
582 1911 723 2004 universi
751 1912 926 1970 creatorem
954 1911 1045 1976 deum
1066 1911 1229 1988 negarent,

111 2023 213 2084 alium
237 2025 341 2082 aulem
363 2019 542 2098 quemdam,
564 2023 674 2098 utpote
696 2020 863 2098 maiorem,
890 2021 1010 2085 maiora
1030 2019 1230 2097 quasillum
1340 2061 1344 2072 .

111 2115 294 2211 perfecisse
310 2131 543 2208 profiterentur.
573 2129 686 2190 Omnes
700 2131 755 2205 qui
769 2130 809 2190 ab
824 2131 954 2192 istorum
970 2131 1136 2208 disciplina
1151 2148 1229 2208 pro-

112 2243 195 2303 fecti
218 2243 307 2320 sunt,
334 2243 368 2300 ni
394 2241 546 2318 diximus,
580 2239 748 2298 Christiani
776 2244 944 2320 vocantur,
972 2241 1230 2319 quemadmodum

111 2393 150 2446 2:
178 2390 285 2459 „dicens
307 2392 372 2444 hanc
393 2406 450 2446 esse
472 2391 578 2459 primam
601 2391 656 2446 eius
690 2389 824 2450 inducebat
840 2391 911 2460 dees,
925 2393 1032 2446 alierum
1042 2391 1168 2461 opificem,
1187 2392 1230 2460 qui

111 2475 343 2544 conceptionem.“
691 2475 810 2530 mundum
826 2477 1005 2545 obtinuerit,
1021 2478 1129 2532 alierum
1149 2480 1230 2532 maio-

188 2560 231 2614 19.
249 2556 657 2630 Minuciano-..decimode-
690 2577 763 2629 rem,
789 2563 831 2629 qui
849 2563 1036 2630 praeslonliora
1062 2563 1169 2630 leceril3
1198 2563 1232 2614 il·

99 2650 176 2710 m]
202 2646 296 2700 eiuro
316 2649 383 2702 lrunc
399 2650 481 2702 locum
498 2645 624 2700 Eusebius
633 2644 656 2696 ·l.
691 2647 743 2700 lum
763 2646 904 2714 negandum
927 2645 1051 2722 docelini,
1080 2649 1147 2700 hune
1168 2662 1230 2699 con-

113 2749 137 2786 e.
154 2733 203 2785 lll.
220 2748 242 2786 c.
257 2731 293 2784 26
309 2731 394 2801 (Tem.
409 2733 436 2802 Ι)
453 2749 479 2802 p.
493 2731 553 2784 251.
691 2731 824 2788 fiiendum.
862 2730 901 2784 cl.
923 2729 1115 2797 Baumgarlen-
1125 2731 1231 2783 Cresius

185 2817 228 2870 20.
239 2820 473 2888 Καπποροοαίορ]
490 2817 586 2870 Euseb.
597 2817 658 2868 Ke-
694 2817 784 2884 comp
794 2818 820 2868 d.
832 2805 931 2868 clristl.
940 2815 1147 2884 Dopmenpescli.
1158 2814 1230 2868 Tem.

114 2901 305 2972 παροιττοίοιρ.
692 2901 806 2969 l(Lips.
822 2899 901 2968 1840)
918 2913 943 2966 p.
960 2898 1004 2950 49.

187 2989 232 3040 21.
245 2984 447 3056 ἐνεργηθέοτα.
457 3025 465 3039 ·
475 2987 657 3056 damoclem]
759 2983 802 3038 26.
821 2980 857 3037 τοὶ
871 2984 998 3050 μείζονα]
1018 2980 1089 3034 Haeo
1104 2980 1168 3033 male
1185 2979 1231 3032 de·

112 3072 416 3144 Ευοο1.οἰοτρρθέοοο
429 3074 481 3128 ml
495 3069 585 3130 edric
600 3067 657 3128 iao
692 3075 753 3127 sunl
766 3069 832 3138 apud
848 3068 1006 3134 Eusebium,
1024 3063 1142 3118 videlicet
1158 3079 1232 3118 occa·

114 3179 140 3215 e.
161 3154 319 3225 δαιμόνων.
589 3178 592 3184 ’
693 3156 765 3210 sione
780 3150 1092 3223 praecedenlmneiioeu.

116 3308 119 3314 .
184 3245 230 3298 22.
244 3239 494 3314 ppleEusemri·
510 3245 660 3314 Paulopcsl
762 3239 806 3296 27.
825 3232 935 3302 Πάντες
956 3240 1019 3300 ele]
1055 3233 1152 3292 unsel.
1175 3227 1234 3288 Kal

113 3328 193 3393 τινές
213 3330 294 3384 εἰσιν.
694 3321 814 3388 πάντες.
825 3361 833 3375 .
843 3317 1036 3392 .ὁρμημένοι,
1060 3313 1099 3381 οἷς
1115 3318 1233 3390 ἔφαμεν.

187 3415 231 3468 23.
251 3413 426 3480 Μαρκίωοο.
437 3408 592 3480 ..lpnecrvl
612 3411 660 3464 Al-
694 3413 766 3472 niro
781 3415 865 3466 autem
879 3411 942 3468 naec
956 3409 1069 3464 lustinus
1084 3420 1194 3474 suprad.
1207 3401 1233 3458 7.

116 3503 214 3570 legavit
233 3502 296 3554 haee
312 3500 440 3554 Eusebius
455 3497 473 3550 l.
491 3513 513 3552 e.
531 3498 574 3550 lv.
589 3514 612 3552 ο.
628 3496 659 3552 11
695 3515 723 3568 p.
740 3496 783 3550 56.
802 3497 835 3551 o.

116 3587 208 3656 (Tum.
219 3583 246 3652 1)
258 3601 285 3654 p.
298 3583 347 3638 321
359 3600 417 3651 sq..
764 3581 807 3638 28.
828 3573 862 3634 ὃν
878 3576 986 3648 τρόπον
1002 3581 1064 3640 ela]
1080 3572 1160 3640 codd.
1176 3571 1236 3626 msli

189 3669 233 3723 24·
255 3671 344 3739 eupli·
364 3669 448 3738 usic]
475 3667 571 3726 Enseu
589 3661 662 3724 εἶναι
696 3673 724 3722 el
747 3667 808 3722 edili
833 3661 864 3720 lu
887 3669 946 3722 aule
978 3667 1039 3724 veie
1062 3653 1236 3728 φιλοσόφοις

117 3755 245 3826 νομίζειν
260 3757 353 3822 μείζω.
696 3770 748 3808 non
768 3754 878 3817 halent,
905 3755 992 3820 cipro
1013 3741 1236 3812 ἐπικαλούμενον

188 3839 234 3893 25.
256 3832 289 3901 ὃς
305 3844 367 3904 ete]
382 3837 479 3894 Euseb.
497 3827 528 3899 ie
547 3832 592 3890 uel
608 3852 660 3888 κο·
696 3838 821 3908 praebeul
848 3827 1142 3902 ἐπικατηγορούμενον
1167 3825 1235 3896 (cri-

118 3921 338 3986 cd...nonooe
353 3922 507 3978 πέπεικε
524 3919 663 3990 (quodne-
696 3925 763 3978 mini
781 3916 895 3987 cutum).
931 3918 1049 3983 Quamvis
1066 3916 1166 3980 rugata
1187 3911 1236 3966 ista

119 4031 179 4068 rum
208 4015 300 4082 pulani
324 4010 411 4064 navis.
431 4011 458 4062 el
484 4004 662 4070 Thalemann.)
697 4007 774 4060 lectio
790 4005 936 4071 silimptn,
956 4001 1067 4056 editores
1083 4003 1170 4052 tomen
1184 3995 1236 4048 sic-

119 4095 277 4172 βὶοὶοφημοι
299 4087 554 4163 liuere-..ermetis
573 4085 662 4142 ποτέ·
699 4104 728 4144 co
753 4087 819 4157 quod
842 4089 913 4140 aiunt
935 4085 1000 4155 pede
1019 4086 1102 4139 locum
1124 4081 1236 4140 transie-

119 4202 159 4251 ρο
180 4178 255 4236 εἶναι
281 4181 333 4234 τοῦ
357 4178 481 4246 Χριστοῦ
506 4176 664 4245 (perperam,
698 4176 767 4228 rnnl.
801 4172 961 4240 Praepositio
986 4167 1016 4224 ἐν
1046 4167 1111 4222 male
1143 4165 1237 4222 emissa

118 4273 150 4324 ul
164 4267 282 4322 Valesius
292 4263 388 4334 notai).
404 4291 439 4307 -
461 4261 533 4344 Duos
549 4260 664 4314 Marcion
700 4259 756 4324 esi,
774 4255 811 4310 uti
833 4255 933 4334 quidem
951 4252 1173 4328 persuasissimum
1190 4251 1236 4304 ¹1ss*
