2914 4774
523 239 788 360 ereccon-1.
1032 255 1033 258 ‘
1178 263 1222 330 aa

39 429 41 433 ’
93 409 215 514 ¹pe'ndo
231 434 264 495 et
279 429 488 513 caedendoet
502 418 661 498 fundendo
679 429 712 498 et
723 437 906 507 tundendo?
920 436 1015 500 Immo
1030 455 1072 501 ex
1088 437 1221 500 inhone-

97 534 172 606 'stis
195 550 292 625 saepe
309 535 663 626 vasibusposteaquam
680 546 811 626 formam
829 551 949 610 tantum
963 545 1133 610 artificiose
1151 525 1221 610 mu-

107 659 218 717 tarunt
233 660 331 743 atque
343 653 685 735 efligieminduxerunt
700 661 778 720 dees
793 647 1020 738 cognominant.
1045 660 1134 728 Quod
1149 659 1221 736 qui-

108 768 183 828 dem
196 783 258 828 non
274 769 377 830 solnm
388 785 407 827 a
419 769 542 847 ratione
555 769 690 830 alienum
704 787 776 830 esse
787 784 949 830 censemus
964 771 1022 830 sed
1038 771 1132 830 etiam
1143 786 1220 828 cen-

108 879 280 938 tnmeliose
294 879 325 938 in
346 879 436 940 deum
452 881 532 957 lieri,
555 881 652 957 cuius,
674 881 807 958 gloriam
820 883 852 940 et
867 880 998 940 formam
1012 895 1074 940 non
1087 891 1220 938 enarra-
1235 945 1238 951 ,

72 1015 75 1020 ’
106 989 207 1048 bilem
220 989 376 1068 habende,
397 1007 510 1055 nomen
524 989 620 1077 rebus
637 993 833 1070 corruptioni
849 992 992 1066 obnoxiis
1008 993 1041 1049 et
1061 989 1220 1050 assiduam
1241 1073 1243 1078 Ι

107 1117 218 1160 euram
234 1095 476 1189 requirentibus
485 1077 664 1178 imponitur.
686 1095 918 1178 Atque-horum
931 1090 1074 1162 artifices
1083 1101 1220 1178 impudi-

106 1214 170 1278 cos'
178 1213 215 1290 et
231 1211 313 1270 omni
328 1212 416 1290 vitio,
438 1229 477 1272 ne
494 1213 618 1290 singula
631 1215 822 1290 recenseam,
845 1213 969 1294 deditos
986 1229 1058 1272 esse
1074 1211 1220 1313 accurate

106 1321 227 1396 nostis3
251 1322 344 1382 etiam
363 1339 436 1384 snas
454 1317 595 1400 ancillas,
618 1323 695 1383 dum
705 1339 809 1387 secum
825 1324 982 1400 laborant,
995 1323 1159 1400 'stuprant
1194 1320 1219 1396 Ο
1272 1392 1273 1395 ¹

105 1427 281 1508 stuporem,
299 1432 528 1496 incontinentes
540 1423 681 1532 homines
699 1433 779 1492 deos
791 1420 833 1492 ad
847 1434 1010 1494 colendum
1023 1433 1143 1510 fingere
1158 1431 1221 1490 dici

105 1543 143 1602 et
158 1525 406 1619 transformare,
416 1559 464 1602 ac
479 1541 637 1620 fanorum,
660 1526 819 1618 inquibus
835 1544 883 1602 illi
899 1521 1111 1620 collocantur,
1135 1541 1219 1600 tales

106 1654 304 1742 constituere
321 1653 485 1714 custodes:
508 1653 628 1730 quippe
646 1638 709 1712 non
724 1653 940 1730 intelligentes
959 1651 1051 1754 nefas
1073 1667 1144 1711 esse
1162 1667 1219 1710 co-

62 1798 65 1802 *
104 1763 211 1840 gitatu
226 1764 259 1822 et
274 1761 360 1823 dictu
379 1762 520 1822 homines
540 1763 670 1822 deorum
684 1779 755 1823 esse
771 1763 935 1832 custodes!
1102 1762 1103 1766 ’
1259 1743 1260 1747 “

196 1877 246 1934 10.
267 1873 435 1934 Enimvero
455 1849 671 1934 materialibus
689 1873 859 1934 hominum·
870 1872 960 1933 donis
984 1871 1074 1932 deum
1088 1872 1150 1931 non
1167 1871 1218 1930 in·

105 1985 219 2062 digere
242 1985 435 2062 accepimus,
455 1984 558 2060 ipsum
577 1965 688 2042 omnia*
701 1983 814 2060 largiri
839 1984 1020 2058 cernentes,
1044 1982 1118 2042 illos
1138 1995 1217 2040 vero
1282 2009 1285 2016 =

104 2096 196 2156 solos
223 2096 257 2155 ei'
280 2094 412 2177 probari
432 2077 593 2153 didicimus
619 2093 651 2152 'et
674 2110 860 2171 persuasum
882 2093 1033 2153 habemus
1057 2091 1218 2152 etcredi-

104 2222 193 2291 mus,
217 2203 270 2282 qui
292 2205 387 2262 insita
412 2203 738 2282 othone-imitantur,
763 2191 1000 2281 temperantiam
1019 2205 1052 2262 et
1065 2178 1235 2264 iustitiam

105 2319 139 2378 et
162 2315 400 2400 humanitatem,
420 2309 462 2374 vet
482 2330 693 2389 quaecumque
715 2315 846 2392 propria
866 2315 917 2374 dei
938 2315 1031 2391 sunt,
1050 2313 1103 2392 qui
1128 2313 1217 2374 nullo
1280 2296 1284 2310 ⁸

103 2421 230 2492 nomine
245 2426 399 2504 imposito¹
413 2424 554 2484 vocatur.
583 2423 685 2484 Porro
701 2441 771 2494 eum
780 2467 787 2501 ,
809 2441 901 2500 quum
916 2425 1017 2484 bonus
1034 2425 1075 2483 sit
1085 2422 1218 2514 ,omnia

105 2728 181 2784 stolis
197 2727 281 2782 edocti
298 2705 357 2780 suni
374 2714 521 2780 Christiani.
602 2735 607 2762 “-
680 2727 714 2781 ud
729 2728 779 2780 nisi
796 2729 922 2796 primitae
939 2723 978 2796 (ἐν
993 2723 1074 2798 ἀρχῇ)
1095 2693 1217 2782 denotare

189 2813 216 2870 8.
243 2809 295 2880 τήν
323 2803 422 2882 ἀρχὴν]
458 2813 578 2878 Longus:
609 2811 645 2862 ia
681 2815 758 2880 queat
780 2813 851 2880 (cell.
874 2812 950 2879 Apol.
972 2813 1008 2865 ll.
1039 2830 1060 2866 c.
1078 2813 1104 2866 6.
1125 2813 1217 2881 Ip.'44.
1299 2851 1301 2854 -

102 2901 285 2970 principio
296 2893 451 2970 (nnscrrps).
461 2897 596 2964 Meranus:
607 2895 645 2948 et
665 2958 668 2964 ,
679 2897 727 2968 Ε).
755 2885 894 2950 Praeterea
905 2897 945 2949 his
960 2898 1072 2954 ,occurrit
1085 2899 1111 2950 in
1127 2899 1216 2953 eedem

104 2987 216 3041 initio
232 2983 414 3054 (cerrensanp
424 2978 485 3050 aar).
501 2981 645 3033 Braunins:
680 2987 769 3046 nostro
786 2983 877 3050 capite,
893 2982 936 3034 ubi
949 2983 1023 3034 eliam
1039 2983 1119 3050 prima
1135 2983 1217 3048 signi-

98 3072 249 3137 ιιιιιιιιίιιιι
274 3066 452 3138 (libertarent,
470 3066 646 3132 contenanum
680 3067 766 3121 ficatio
783 3066 950 3135 praeferende
969 3065 1085 3134 ridetur,
1106 3067 1141 3120 ila
1159 3066 1216 3134 qui·

104 3170 158 3207 eon
175 3169 278 3232 semper
296 3157 399 3220 tamen,
422 3152 444 3204 si
465 3149 491 3202 id
512 3148 647 3218 significat,
682 3151 748 3220 dem,
763 3156 791 3204 ut
805 3148 857 3218 τὴν
873 3147 959 3220 ἀρχὴν
970 3145 1022 3208 οὐκ
1038 3143 1123 3211 ὄντας
1138 3146 1219 3203 ἐισί·

104 3241 191 3293 lecum
217 3239 361 3305 negativam
387 3235 520 3303 continere
542 3238 647 3288 senten·
681 3253 742 3306 nce
752 3236 911 3290 creationem
943 3236 1086 3302 generis
1114 3235 1217 3288 humani

104 3326 167 3379 tiam
183 3331 290 3378 neeesse
305 3326 354 3390 est,
373 3321 405 3374 ti
420 3335 489 3372 r..·c
502 3336 541 3373 ev
558 3321 647 3372 Ιοιιιι
681 3325 760 3402 initio
769 3321 895 3376 mundict
906 3316 967 3390 ιὴν
977 3317 1066 3390 ἀρχὴν
1085 3318 1217 3390 γενέσθαι

104 3409 132 3478 8,
148 3407 200 3476 25,
219 3407 316 3464 Herod.
330 3407 429 3460 Hister.
446 3406 467 3458 I.
480 3422 503 3458 c.
516 3406 556 3475 9).
577 3399 647 3460 Haec
683 3429 734 3478 ουχ
753 3405 886 3478 ἡμέτεροι
905 3399 942 3477 ἧι
959 3410 1113 3462 creationem
1127 3407 1217 3460 innuat

104 3492 292 3548 triaiormnlae
315 3511 367 3559 την
385 3488 481 3560 ἀρχήν
478 3492 573 3552 inesse
591 3491 647 3558 quis
682 3494 894 3561 singulorum
927 3494 1073 3560 hominum,
1109 3507 1216 3562 qnorum

105 3578 258 3646 negaverit?
283 3577 336 3630 Sed
354 3583 425 3632 recte
445 3577 508 3630 uidit
530 3576 646 3654 llittcros
681 3585 795 3648 tempore
814 3577 971 3648 procedente
997 3578 1074 3640 cuivis
1096 3578 1174 3629 luit
1167 3579 1217 3630 rni-

104 3661 273 3732 (Animedvlt
303 3663 334 3714 ii]-
359 3663 466 3730 primam
495 3663 526 3716 S·
555 3662 647 3714 lustini
680 3669 762 3734 tium;
787 3663 854 3733 quod
879 3663 902 3716 si
923 3679 975 3716 nou
992 3662 1129 3728 statueris,
1148 3662 1217 3716 illam

106 3748 218 3816 Apellis·
241 3747 647 3816 p·12)dumialti1>rimiiilem
681 3751 829 3822 particulam
850 3747 930 3814 priori
951 3747 1007 3800 loco
1029 3747 1135 3800 οιιιιιιίιο
1158 3760 1216 3796 ver-

105 3832 320 3900 significationem
354 3836 443 3885 nestro
469 3831 527 3884 loco
552 3824 646 3900 velere,
659 3851 665 3906 j
680 3835 783 3890 tendam
800 3849 856 3887 esso
872 3837 898 3885 et
911 3831 991 3884 altero
1004 3835 1074 3884 certe
1089 3827 1216 3882 aboridana

105 3918 261 3986 praesertim
273 3933 350 3985 quum
367 3910 400 3970 'in
415 3909 502 3970 'eadem
516 3917 569 3970 iere
586 3931 647 3970 sen·
682 3920 805 3974 concedes
823 3910 934 3986 oportet.

105 4003 188 4055 lentie
215 4018 238 4056 c.
260 4001 303 4054 59.
328 4017 355 4070 p.
376 4002 419 4056 92.
441 4002 464 4068 D
487 4001 557 4070 (πῶς
582 3999 646 4072 τήν
756 4005 782 4057 4.
812 4002 841 4067 ἐξ
866 3996 1000 4069 ἀμόρφου
1027 3992 1105 4067 ὕλης]
1145 3997 1222 4050 Haec,

106 4080 224 4156 ἀρχὴν
241 4085 290 4142 nul
311 4084 342 4141 ἐκ
357 4088 443 4142 civero
461 4084 644 4157 ἐᾶημιοιὲργη·
679 4092 758 4144 rerba
771 4090 913 4142 llalloixins
936 4087 979 4155 (S.
993 4085 1084 4138 lustini
1100 4083 1166 4136 Phil.
1190 4087 1217 4135 et

106 4167 258 4234 σινὸθεὸς
272 4168 323 4226 re'e
335 4170 450 4241 κόσμον,
469 4170 524 4242 ἔφη
538 4166 643 4235 or‘r‘norc·
680 4176 756 4228 illari.
780 4174 831 4226 vite
860 4176 886 4226 et
908 4171 1004 4224 docum.
1033 4169 1112 4223 Duaci
1140 4167 1214 4221 1622.

107 4255 166 4315 Ἐν
180 4255 200 4314 α’
207 4279 223 4329 ρ
229 4258 272 4331 κῇ
292 4255 422 4328 ἐποίησεν
437 4260 500 4328 etc.)
518 4259 580 4314 nihil
598 4260 644 4314 nli·
679 4257 735 4312 Fol.
753 4271 779 4325 p.
795 4255 862 4327 829)
883 4261 1010 4327 tamquam
1032 4254 1117 4326 spuria
1132 4253 1216 4321 eiecit,
