2914 4774
210 287 300 344 tuuc
550 251 957 336 tuttolrmotttntun

209 451 288 541 42).
339 449 466 520 Fatum
493 469 536 520 ex
554 447 624 523 illie
646 449 941 542 pmedictiouibes
964 447 1105 521 minim
1121 444 1233 536 nequi
1252 445 1324 518 do..

209 585 266 652 oet
290 574 434 666 (atlitr
459 575 583 648 rimmo
607 575 755 646 liborum
784 577 822 646 in
855 575 998 647 homine
1015 574 1212 646 ,ortionem
1246 595 1324 648 estc

158 760 164 771 .
209 705 255 794 (o.
273 701 353 791 44).
399 702 571 791 Loquer
592 701 717 774 deinde
735 703 784 772 de
803 689 930 774 Christi
956 700 1181 774 educendum
1196 725 1217 770 a
1233 723 1323 794 pro-

141 926 143 932 Ι
209 830 325 922 phetls
354 828 591 920 praenuntiato
614 829 660 917 (c.
683 827 769 914 45),
813 849 943 916 eosque
976 827 1129 899 uuntne-
1148 829 1321 900 munuum
1449 931 1450 942 ἵ

210 975 284 1030 cate
301 963 418 1024 mouet
431 955 496 1042 qai
520 963 601 1022 anta
620 937 749 1024 Christi
767 953 1035 1028 inmutationem
1053 953 1230 1042 exuunt,
1256 955 1287 1024 ai
1300 978 1324 1025 a

208 1083 350 1150 veritate
365 1079 612 1166 aberraverint,
640 1102 744 1167 quum
767 1079 838 1148 eiua
860 1081 991 1148 semina
1006 1080 1042 1147 in
1067 1079 1226 1150 omnihus
1240 1080 1325 1150 fue·-

208 1208 278 1276 riut
293 1207 340 1296 (c.
358 1203 436 1294 46).
487 1204 610 1296 Pergit
637 1205 718 1274 inde
745 1205 789 1274 ad
810 1206 969 1276 vaticinia
988 1205 1033 1274 de
1055 1207 1324 1297 Hierosoly-mo-

209 1353 285 1402 ιιιιιι
306 1331 565 1422 expugnatione
587 1331 635 1420 (c.
648 1329 734 1420 4ἵ),“
763 1331 808 1400 de
834 1331 1148 1425 Chrisupotontir
1178 1332 1225 1422 (c.
1242 1331 1323 1422 48),

209 1457 255 1528 tle
283 1459 507 1538 conversione
531 1457 713 1550 gentilium
730 1465 767 1526 ct
786 1457 990 1526 {iudaeorum
1007 1459 1255 1550 reprobatione
1272 1459 1322 1548 (c.

209 1583 296 1673 tu),
327 1585 372 1652 de
396 1585 526 1656 Christi
558 1593 669 1654 morte
700 1584 1013 1655 etresurrcetione
1037 1584 1084 1672 (c.
1103 1583 1170 1673 50)
1198 1594 1233 1654 et
1256 1607 1324 1676 ges

209 1711 386 1782 natatione
408 1712 628 1782 inenarrabili
654 1711 701 1800 (c.
718 1707 796 1800 51).
846 1711 904 1780 Ex
925 1711 1111 1782 bisantem
1127 1711 1324 1804 prophetiis

195 1837 277 1914 iam
295 1837 490 1930 adimpletis
504 1837 683 1914 ,concludit
699 1861 739 1906 ea
758 1859 897 1925 quoque
911 1837 1114 1941 confirmari
1123 1861 1213 1926 qnae
1227 1859 1322 1920 non·

209 1963 291 2032 dum
317 1966 494 2036 evenerint
517 1966 563 2054 (c.
578 1962 663 2052 52);
689 1963 752 2032 sub
772 1962 923 2030 omnium
943 1963 1033 2030 enirn
1058 1946 1167 2032 ccirlis
1200 1985 1321 2032 versa·-

208 2090 264 2175 ri,
291 2089 389 2178 quod
410 2089 598 2181 adimpleta
628 2089 696 2158 sint
723 2111 810 2177 quac
845 2088 929 2156 olim
960 2089 1137 2180 praedicta
1158 2089 1233 2158 sint
1273 2089 1323 2160 de

210 2215 435 2290 conversione
468 2217 649 2312 gentilium
682 2223 716 2284 et
747 2214 993 2306 reprobatione
1027 2215 1232 2288 ludaeorum
1270 2217 1318 2306 (c.

209 2338 286 2428 53).
321 2377 374 2392 -
416 2341 612 2410 Postremo
625 2341 752 2434 probat
779 2340 912 2410 fabulas
941 2341 985 2410 de
1009 2341 1091 2410 filiis
1119 2342 1211 2412 lovis
1244 2366 1321 2420 ease

213 2466 436 2558 inspiratione
470 2467 675 2537 daemonum
703 2469 877 2553 inventae,
904 2468 1033 2538 attilii
1062 2467 1120 2538 dei
1152 2468 1321 2542 adventus

209 2593 329 2663 fabula
361 2592 553 2682 videretur,
590 2603 626 2664 et
650 2619 671 2664 a
695 2596 808 2688 poetis
839 2593 971 2670 divinos
1000 2595 1193 2687 prophetas
1222 2599 1320 2685 qnasi

208 2719 417 2790 imitantibus
452 2719 645 2814 divulgatos
662 2723 718 2812 (c.
733 2718 810 2810 54).
863 2719 961 2788 Nihil
992 2721 1107 2790 tamen
1136 2721 1181 2790 de
1214 2743 1319 2794 cruce

211 2847 373 2940 suspicati
397 2857 494 2935 aunt,
530 2849 625 2916 cuius
653 2848 809 2939 potentia
838 2855 873 2914 et
896 2845 1024 2922 utilitas
1047 2869 1091 2916 ex
1113 2849 1217 2919 rebus
1252 2850 1319 2920 culn

210 2973 413 3065 adspectum
441 2974 640 3044 cadentibus
667 2973 840 3064 et-magni
864 2973 959 3069 apud
980 2973 1128 3065 gentiles
1152 2976 1320 3048 momenti

210 3099 493 3170 commendantur
510 3097 646 3188 (nod).
686 3099 824 3170 Eodem
844 3099 987 3193 consilio
1004 3099 1189 3170 daemones
1213 3101 1321 3171 inum

211 3245 295 3292 xere
309 3224 499 3311 Simonem,
523 3224 765 3308 Menandrum,
790 3223 1006 3298 Marcionem
1023 3221 1139 3312 (ean.
1150 3224 1236 3316 58);
1254 3227 1319 3298 aed

209 3347 298 3423 nihil
325 3349 420 3422 alind
448 3349 617 3440 perficere
647 3355 854 3439 potuerunt,
888 3347 955 3415 nisi
985 3357 1023 3414 ut
1049 3349 1232 3420 Christiani
1272 3354 1322 3428 ab

208 3472 322 3563 impiis
347 3472 429 3546 odio
453 3473 662 3544 haberentur
685 3471 731 3560 (c.
754 3468 833 3560 hi).
884 3472 966 3562 lpse
981 3471 1083 3542 etiam
1102 3471 1204 3545 Plato
1228 3499 1321 3566 quae

208 3596 253 3668 de
281 3598 400 3666 mundi
421 3598 593 3668 creatione
620 3598 666 3688 (c.
681 3594 767 3686 59),
801 3597 847 3667 de
870 3598 934 3666 filii
958 3598 1193 3672 decussatione
1217 3581 1320 3676 etde

208 3723 313 3795 arua
329 3725 421 3800 curos
438 3723 574 3794 neruum
588 3722 673 3792 uuit
695 3723 743 3814 (ο.
762 3721 829 3814 eo)
853 3747 894 3794 ea
912 3747 956 3796 eu
975 3725 1071 3796 trous
1088 3723 1199 3798 mosis
1223 3697 1320 3800 una

207 3852 312 3922 vovit.

309 3979 414 4050 Pars
436 3979 498 4048 Ill.
539 3979 685 4051 lustinus
714 3979 894 4071 exponas
915 3978 1092 4070 quomodo
1129 3978 1319 4058 Christiani

208 4123 281 4172 aeae
297 4103 364 4172 deo
386 4114 587 4176 consecrent
606 4105 647 4172 in.
661 4105 833 4196 baptismo
859 4107 905 4195 (c.
915 4105 992 4194 61).
1047 4107 1102 4181 Dc
1122 4123 1193 4196 quo
1211 4127 1320 4194 quum,

208 4223 390 4299 daemones
416 4252 458 4300 ex
474 4231 724 4323 prophetatum
745 4231 879 4326 scriptis
903 4231 1033 4322 aliquid
1059 4231 1316 4336 compellerent!
