2900 4776
563 251 772 314 Arctoam
801 253 825 314 1.
1181 249 1244 320 125

128 438 242 502 nempe
258 421 444 484 ludaeorum
460 424 567 484 terrae
584 425 776 504 vastitatem,
797 425 831 484 et
845 440 901 486 eos
919 425 1028 502 quiex
1044 424 1127 484 omni
1140 423 1245 484 homi·
1284 470 1291 478 .

126 551 201 593 num
218 536 313 611 gente
330 534 492 594 doctrinae
510 537 728 612 apostolorum
744 536 830 595 illios
849 535 1052 596 crediderunt
1068 553 1104 596 ac
1123 537 1245 613 vetera,

127 645 161 704 in
185 645 297 721 quihus
322 645 493 704 errabundi
514 647 739 724 versabantur,
761 646 904 707 instituta
929 647 1170 724 aversationem,
1193 646 1246 704 ni-

128 757 241 815 mirum
258 773 315 814 nos
330 756 418 833 ipsos
432 757 606 832 intuentes,
631 757 663 815 et
677 757 786 834 plures
809 759 1015 834 verioresqoe
1038 775 1079 817 ex
1096 757 1244 834 gentihus

129 883 223 942 quam
248 882 288 956 err
304 865 429 925 Iudaeis
452 883 489 925 ac
503 865 705 926 Samaritanis
723 865 923 940 Christianos
945 885 1018 928 esse
1047 868 1245 946 perspicien-

128 976 205 1035 test
237 973 373 1036 Caetera
394 976 474 1036 enim
498 978 599 1036 omnia
623 977 779 1038 hominum
795 996 947 1056 generaa
965 977 1153 1056 prophetico
1177 978 1246 1054 spi-

129 1087 196 1146 ritu
220 1089 332 1164 gentes
358 1089 527 1166 vocantur,
558 1088 700 1148 iudaicae
723 1091 827 1148 autem
851 1091 884 1148 et
910 1090 1119 1148 samaritanae
1143 1088 1245 1148 trihus

128 1196 233 1256 Israel
254 1199 286 1256 et
308 1197 417 1259 domus
446 1197 553 1258 Iacchi
569 1199 775 1259 nominantur.
815 1199 976 1268 Quomodo
996 1201 1099 1258 autem
1114 1199 1246 1276 praedi-

130 1309 215 1367 ctum
237 1309 280 1367 sit
302 1304 412 1385 plures
433 1325 473 1367 ex
502 1310 648 1385 gentibus
673 1311 850 1370 credituros
876 1327 967 1386 quam
999 1327 1039 1368 ex
1064 1308 1190 1370 ludaeis
1212 1311 1246 1368 et

130 1415 355 1496 Samaritanis,
384 1419 565 1479 vaticinium
587 1421 763 1480 afferemus.
806 1419 910 1480 Habet
934 1421 997 1480 sic:
1018 1415 1162 1481 Laetare
1177 1419 1247 1482 ste-

130 1523 207 1589 rilis
233 1546 314 1611 qaae
335 1547 397 1590 noa
416 1527 528 1614 parts,
560 1547 691 1614 erumpe
711 1530 743 1592 et
766 1526 871 1594 atoma
893 1549 977 1614 quoe
997 1527 1246 1614 comparturire

131 1635 211 1722 quta
234 1635 333 1702 multo
351 1636 466 1720 plures
484 1640 560 1702 sumt
575 1634 653 1724 sitii
673 1637 824 1704 desertae
845 1659 938 1724 quam
960 1637 1030 1702 eius
1051 1635 1246 1723 quaelebet

131 1746 291 1812 niarttum.
335 1749 492 1811 Desertae
519 1753 601 1810 enim
634 1754 725 1812 erant
751 1767 857 1812 omnes
886 1754 999 1828 gentes
1022 1769 1041 1812 a
1064 1767 1143 1810 vero
1174 1750 1246 1827 deo,

131 1877 276 1920 manuum
293 1877 393 1938 opera
417 1863 579 1938 colentes;
601 1861 711 1922 Iudaei
726 1863 830 1922 autem
846 1863 878 1920 et
894 1860 1098 1938 Samaritani,
1125 1861 1178 1938 qui
1194 1861 1246 1920 dei

131 1971 264 2031 verbum
284 1972 364 2049 ipsis
389 1989 448 2050 per
471 1973 647 2050 prophetas
673 1973 823 2032 traditum
849 1971 1009 2030 habebant
1030 1973 1063 2030 et
1087 1969 1247 2032 Christum

131 2099 259 2160 semper
276 2067 550 2161 exspectaverant,
573 2083 792 2143 advenientem
807 2084 839 2142 et
852 2083 1052 2160 praesentem
1068 2099 1130 2142 non
1145 2098 1246 2158 agno-

130 2193 266 2270 verunt,
292 2194 401 2270 paucis
419 2195 561 2272 exceptis
581 2210 659 2270 quos
677 2194 785 2253 salvos
806 2192 876 2252 fore
891 2191 1098 2270 propheticus
1115 2193 1246 2270 spiritus

131 2318 192 2379 per
210 2301 344 2362 Iesaiam
358 2303 527 2380 praedixit.
569 2302 708 2364 Locutus
728 2291 831 2364 autem
846 2306 895 2362 est
910 2305 1065 2380 tamquam
1082 2319 1122 2362 ex
1140 2320 1247 2364 eorum

132 2429 292 2489 persona:
308 2409 384 2474 Nisi
402 2409 549 2474 dominus
563 2411 750 2496 reliquisset
760 2411 850 2476 nobis
863 2432 977 2486 semem,
1000 2411 1094 2497 quasi
1107 2410 1248 2476 Sodoma

132 2522 165 2584 et
181 2518 361 2584 Gomorrha
371 2515 463 2608 fecti
479 2543 623 2586 essemus.
647 2525 784 2586 Sodoma
797 2526 875 2585 enim
891 2527 923 2584 et
938 2524 1112 2584 Gomorrha
1127 2541 1247 2585 memo-

130 2634 244 2692 rantur
261 2650 279 2692 a
295 2633 384 2694 Mose
400 2635 496 2694 urbes
513 2637 664 2712 quaedam
682 2635 837 2696 hominum
852 2635 1016 2712 impiorum
1032 2635 1149 2713 fuisse,
1169 2653 1247 2711 quas

131 2743 212 2802 deus
228 2744 301 2820 igne
318 2745 350 2803 et
366 2745 519 2822 sulphure
537 2747 692 2805 crematas
712 2747 844 2823 evertit,
873 2747 995 2804 nemine
1013 2745 1044 2804 in
1061 2746 1101 2804 iis
1117 2747 1246 2805 servato

129 2855 263 2930 praeter
282 2854 465 2930 inquilinum
488 2856 650 2930 quemdam
667 2855 896 2916 Chaldaeorum
921 2855 1040 2934 gentis,
1066 2855 1115 2914 cui
1135 2869 1247 2912 nomen
1300 2897 1304 2905 .

130 2962 250 3023 Lotus:
293 2981 424 3040 quocum
457 2965 542 3024 filiae
566 2982 689 3040 quaque
712 2967 884 3026 incolumes
914 2966 1092 3025 evaserunt.
1140 2963 1246 3038 Atque

132 3089 256 3132 omnem
278 3073 359 3134 hanc
382 3075 543 3151 regionem
567 3077 725 3135 desertam
739 3079 780 3136 et
802 3079 945 3136 exustam
968 3093 1039 3135 esse
1056 3076 1088 3134 et
1105 3073 1246 3132 sterilem

129 3199 261 3242 manere
294 3185 347 3259 qui
376 3185 487 3244 volunt
520 3203 650 3246 cornere
678 3190 820 3264 possunt.
850 3187 1126 3256 Quemadmodum
1145 3199 1245 3261 porro

130 3288 243 3352 etiam·
251 3295 395 3353 veriores
419 3296 472 3370 qui
492 3312 533 3354 ex
553 3298 700 3374 gentihus
727 3301 759 3356 et
777 3299 937 3358 fideliores
961 3295 1159 3375 praecogniti
1175 3293 1246 3354 fue-

128 3403 214 3479 rint,
237 3401 359 3464 Iesaiae
381 3406 558 3483 prophetae
579 3407 662 3467 dieta
690 3409 865 3468 afferemus.
909 3407 1033 3467 Habent
1055 3407 1117 3466 sic:
1142 3399 1247 3466 lsrael

128 3508 374 3576 incircumcisus
399 3511 511 3590 corde,
537 3517 649 3598 gentes
673 3519 782 3579 autem
802 3515 990 3602 praeputio.
1035 3518 1094 3576 'lot
1113 3531 1191 3592 ergo
1214 3517 1247 3574 et

128 3624 221 3682 tanta
243 3625 316 3684 ante
341 3626 450 3686 oculos
473 3628 578 3704 posita
602 3629 840 3706 persuasionem
859 3631 891 3688 et
910 3629 1003 3688 fidem
1023 3627 1063 3684 iis
1089 3625 1142 3700 qui
1157 3623 1247 3682 veri-

129 3794 218 3858 osee,
236 3791 306 3864 λέγω
321 3793 352 3850 δὲ
370 3801 430 3860 τοῖς
445 3797 564 3854 ἔθνεσιν.
592 3800 674 3855 ibid:
711 3801 736 3869 1,
750 3801 776 3858 9.

129 3876 162 3934 ἐν
178 3881 214 3950 τῇ
230 3877 324 3952 ἐρήμῳ
336 3881 462 3951 γνώσεως
477 3887 604 3962 headan*
617 3887 675 3942 τῶν
777 3885 804 3940 9.
820 3881 1005 3944 ἀλλοεθνοῦς]
1021 3881 1116 3932 Brenn.
1132 3881 1158 3930 et
1171 3875 1247 3932 Trol-

129 3961 228 4020 ἐθνῶν
243 3967 288 4037 γῇ.
314 3968 344 4020 lu
359 3969 415 4022 loco
428 3971 479 4024 les.
500 3971 570 4039 (Gal.
586 3974 612 4042 4,
626 3971 674 4042 m)
708 3970 760 4038 lop.
774 3971 837 4022 laiso
857 3965 1038 4024 ἆλλοέθνους.

130 4048 238 4120 ἔρημος
261 4050 292 4104 de
321 4053 414 4107 lemine
437 4054 531 4110 dictum
554 4061 594 4112 est
618 4059 673 4111 sine
779 4053 820 4109 10.
841 4049 972 4117 Ἡσαΐου]
994 4047 1054 4100 Non
1069 4043 1183 4113 lesaiae,
1202 4048 1251 4102 sed

131 4136 227 4190 merito
243 4136 354 4190 virente.
708 4139 831 4192 Ieremias
854 4137 894 4206 (9,
911 4133 959 4202 26)
975 4131 1045 4186 locus
1062 4134 1110 4184 tel·
1146 4127 1210 4182 Vide
1225 4147 1250 4186 c·

212 4221 238 4276 8.
262 4217 567 4295 Εἰ...ἕγενήθημεν]
597 4209 672 4278 lessi.
708 4224 751 4278 51.
770 4239 796 4279 n.
813 4221 839 4277 6.
873 4243 878 4249 ·
