2900 4776
426 187 431 196 ·
527 163 737 232 Asotccid
763 170 786 232 1.
1182 181 1224 246 51

114 347 208 416 quam
232 337 261 400 si
281 336 313 397 in
337 353 472 416 corpore
495 351 556 400 nou
579 357 720 404 essemus
737 345 771 404 et
792 344 908 422 aliquis
927 347 1049 410 diceret
1067 368 1108 412 ex
1124 367 1225 430 parva

114 450 251 526 quadam
271 449 397 512 humaui
420 449 547 512 seminis
568 453 657 528 gutta
680 467 776 532 posse
803 471 877 516 ossa
899 459 933 516 et
953 475 1070 522 nervos
1094 465 1126 522 et
1151 481 1224 524 car-

95 577 172 622 ,an
196 561 237 622 ud
268 560 423 637 effigiem,
452 547 543 638 quam
558 562 717 640 videmus,
747 564 941 628 conformata
962 569 1057 630 dorii
1095 571 1142 630 Sit
1163 573 1225 634 hcc

113 669 198 736 enim
213 688 294 732 nuuc
314 689 373 749 per
390 672 623 740 concessionem
642 673 774 734 dictum:
806 673 839 734 Si
857 677 939 737 tales
956 695 1018 738 uon
1035 683 1149 742 essetis
1165 701 1224 742 ue-

112 798 176 860 que
196 799 236 842 ex
251 782 368 872 talibus
384 782 456 860 orti,
472 783 505 842 et
519 782 610 845 vobis
633 783 747 860 aliquis
764 784 897 848 hominis
915 786 1029 851 semem
1039 793 1072 850 et
1086 790 1224 868 effigiem

110 893 232 972 pictam
245 893 463 955 demonstrans
478 909 518 952 ex
533 893 590 952 tali
605 910 642 952 re
658 911 728 954 eum
742 897 889 972 generari
902 913 998 975 posse
1012 906 1223 982 asseveraret,

110 1021 186 1064 num
203 1003 307 1080 pride,
328 1020 419 1079 quam
436 1003 588 1062 videretis
605 1002 737 1082 iactum,
759 1007 958 1068 crederetist
980 1007 1078 1070 Nemo
1094 1015 1224 1074 contra-

43 1141 48 1146 ·
111 1113 221 1175 dicere
243 1113 380 1204 audebit
431 1111 549 1172 Eodem
575 1113 671 1190 igitur
692 1117 802 1196 modo,
840 1118 913 1196 quia
938 1119 1073 1180 nondum
1096 1123 1223 1184 vidistis

110 1228 268 1288 mortuum
293 1227 452 1302 advitam
474 1227 674 1304 revocatump
696 1227 850 1286 increduli
874 1229 961 1288 estis.
992 1228 1056 1290 Sed
1073 1213 1224 1308 quemad-

109 1338 238 1400 modum
255 1337 377 1398 omnino
399 1353 460 1394 non
475 1336 691 1396 credidissetis
707 1353 766 1396 vos
783 1354 823 1396 ex
838 1355 938 1415 parva
953 1343 1043 1416 gutta
1058 1358 1154 1418 posse
1172 1346 1223 1404 ta-

76 1522 79 1528 ·
109 1449 163 1512 les
181 1448 266 1529 ficri,
288 1449 320 1508 et
334 1447 436 1508 iactes
458 1449 560 1506 tamen
576 1447 701 1524 videtiS,
725 1447 835 1508 eodem
850 1450 942 1508 modo
961 1451 1137 1512 existimate
1154 1455 1224 1516 iieri

110 1576 211 1638 posse
227 1560 261 1620 ut
277 1558 431 1620 dissoluta
446 1560 478 1620 et
493 1559 593 1618 instar
608 1559 756 1618 seminum
774 1557 805 1616 io
830 1559 947 1616 terram
962 1561 1104 1618 resoluta
1120 1561 1223 1620 homi-

109 1688 185 1742 uum
202 1686 337 1748 corpora
352 1676 439 1728 certo
453 1670 596 1748 tempore
612 1669 663 1728 dei
677 1657 765 1727 ius'su
778 1670 947 1743 resurgant
961 1671 993 1728 et
1008 1670 1221 1748 incorruptio-

107 1797 184 1840 nem
206 1780 343 1843 induant.
384 1778 480 1850 Quam
503 1779 660 1838 enimdeo
678 1777 803 1854 diguam
820 1779 992 1856 potentiam
1009 1787 1154 1843 asserant
1168 1787 1222 1862 qui

105 1890 350 1970 unumquodque
374 1889 479 1950 dicunt
502 1889 534 1948 iu
553 1889 586 1948 id
608 1888 813 1950 redire'unde
835 1890 975 1970 exstitit,
996 1909 1033 1952 ac
1051 1897 1221 1970 praeterea

108 2018 153 2065 ue
176 2001 266 2062 deum
285 2001 409 2081 quidem
429 2001 595 2078 quidquam
620 1998 702 2061 uliud
722 2014 833 2078 posse,
864 2000 1005 2060 statuere
1024 2019 1085 2062 non
1102 2021 1220 2082 possu-

107 2128 179 2172 mus
190 2129 198 2188 ;
221 2111 279 2198 sed
301 2111 381 2172 iilud
396 2110 602 2191 perspicimus
618 2109 739 2170 minime
764 2126 819 2170 eos
842 2111 1018 2172 credituros
1032 2111 1132 2174 fuisse
1150 2116 1220 2174 fieri

90 2239 209 2304 ,posse
235 2223 267 2282 ot
289 2221 370 2283 tales
391 2238 524 2298 unquam
546 2221 675 2298 fierent,
701 2220 810 2296 quales
830 2221 866 2298 et
885 2238 920 2282 se
938 2222 1025 2299 ipsos
1044 2229 1077 2284 et
1090 2225 1224 2292 uoluere

107 2305 180 2395 sum
196 2333 340 2410 mundum
357 2332 389 2390 et
406 2348 446 2390 cx
461 2330 606 2408 qualibus
623 2329 725 2389 factos
742 2330 860 2390 vident.
893 2331 1006 2393 Melius
1029 2337 1131 2395 autem
1146 2354 1219 2396 esse

107 2461 150 2506 ea
166 2444 298 2504 credere
318 2458 398 2518 quae
416 2443 449 2502 et
464 2443 591 2502 nostrae
614 2429 746 2500 maturae
763 2441 795 2500 et
814 2441 946 2502 aliorum
961 2443 1117 2506 hominum
1133 2449 1219 2508 vires

106 2555 279 2632 superant,
299 2569 389 2628 quam
413 2553 534 2630 pariter
550 2567 617 2611 com
634 2552 707 2610 aliis
726 2549 906 2611 incredulos
923 2570 1011 2632 esse,
1033 2557 1219 2634 accepimus,

107 2655 362 2733 quandoquidem
383 2654 477 2714 etiam
498 2653 681 2732 magistrum
708 2655 849 2712 nostrum
872 2653 974 2714 losum
990 2655 1146 2718 Christum
1173 2660 1218 2718 ita

105 2798 191 2874 ὑμεῖς
204 2799 345 2858 ἀντειπεῖν
364 2797 523 2870 τολμήσετε.
554 2802 647 2856 Thaio-
682 2803 763 2856 altero
786 2799 961 2856 contectum
975 2803 1061 2856 Daris.
1081 2808 1108 2860 et
1121 2806 1216 2858 Brenn.

107 2905 196 2945 mann.
222 2889 381 2943 scribendum
408 2888 485 2941 dicit:
515 2879 562 2940 ὅτι
584 2883 646 2940 irrr-
681 2877 1217 2956 volunttrepudivroewuaestt.etRespp.

107 2971 259 3038 essitare,
283 2970 336 3028 crin
362 2969 398 3028 ἄν
421 2993 463 3035 τις
485 2969 646 3042 τολμήσειεν
682 2972 712 3024 od
728 2971 835 3026 Orthod.
850 2971 894 3026 68.
908 2988 934 3025 n.
948 2973 994 3040 1),
1014 2971 1141 3024 Thirlbius
1155 2967 1217 3024 veie

108 3051 147 3116 civ
164 3059 260 3124 εἰπεῖν,
274 3061 330 3114 vel:
349 3052 393 3112 ὅτι
408 3055 458 3112 οὐκ
474 3051 508 3111 ἄν
522 3053 646 3112 intertri-
681 3059 805 3111 lustinum
821 3057 959 3125 scripsisse
977 3056 1079 3120 coniicit
1102 3056 1217 3110 oratum.

107 3163 177 3202 oure
198 3147 248 3214 (sic
267 3146 341 3214 paulo
364 3146 454 3212 post),
481 3139 534 3197 οὐκ
550 3138 586 3197 diu
604 3161 649 3206 up
681 3163 707 3198 a.
718 3143 743 3195 d.
754 3157 800 3195 ors.
812 3141 851 3204 εἰς
861 3141 914 3209 γῆν
929 3133 1116 3204 traiecturo,
1129 3155 1218 3208 quem-

106 3223 440 3300 rotpriosrsa'oiorsmsiv.
465 3229 535 3283 Nihil
546 3234 647 3283 mutau-
683 3228 814 3284 admodum
827 3228 949 3279 Irenaeus
972 3223 1025 3293 triv
1036 3271 1039 3276 .
1049 3223 1088 3285 ele
1103 3221 1155 3291 τὴν
1167 3223 1219 3291 γῆν

108 3315 180 3369 dum.
681 3311 763 3384 ἡμων
781 3307 916 3372 dedicore
937 3309 981 3377 (V.
1007 3325 1029 3361 e.
1044 3309 1069 3360 2.
1099 3307 1172 3376 Μ)
1194 3311 1220 3360 et

179 3441 206 3496 ὅ.
232 3439 281 3497 M
300 3438 332 3495 τὰ
353 3461 381 3512 μ’
402 3439 465 3510 hmo·
486 3434 514 3496 ὖ.
537 3435 582 3494 ἄν.
607 3445 646 3506 ν’]
682 3391 1220 3462 α’ναλυθὲνείςτὴνγῆν(Ῡ.ε.8.Μ),

107 3529 134 3584 A
436 3529 441 3540 .
639 3542 645 3555 ,
681 3487 723 3556 qui
742 3483 806 3552 (rid.
821 3499 846 3536 u.
860 3483 886 3549 1)
902 3481 969 3532 hunc
987 3479 1070 3530 locum
1081 3491 1142 3543 prae
1158 3490 1222 3528 ccu-

136 3529 253 3596 ⁰¹⁰¹y⁶⁰⁸
274 3543 315 3596 ³¹³·
329 3529 494 3596 Th⁸⁰¹¹¹⁰¹¹¹¹¹¹
512 3528 534 3580 ¹·
555 3544 577 3580 ⁶·
599 3525 630 3580 ¹3
640 3566 646 3580 ·
680 3573 713 3624 m
727 3571 824 3623 oauurt.
844 3567 883 3620 cr.
900 3564 966 3616 mua
981 3577 1003 3612 c.
1017 3559 1103 3618 actu
1116 3559 1174 3622 teu
1190 3553 1224 3608 a·

107 3605 598 3768 22²3:,⁹{‡oe“{0⁹pff⁹2⁶{ie‘viffi⁹'“
618 3609 648 3668 ‘²‘
681 3637 847 3719 turturem,
865 3637 1225 3702 urar.c.rr.c.1aseooa

681 3741 724 3802 εἰς
740 3737 829 3792 ἐκεῖνο
843 3732 873 3800 ἐξ
887 3721 976 3792 οὕπερ
992 3719 1153 3790 γεγόνασιν,
1175 3724 1227 3774 co.

178 3825 206 3879 ⁶·
226 3821 419 3890 donassem]
446 3825 526 3894 Volgo
549 3827 648 3880 eroto—
682 3827 750 3880 uort.
770 3823 802 3876 ar
816 3819 895 3874 oenc.
913 3809 962 3864 us
976 3808 1017 3868 re
1031 3802 1109 3868 troo
1126 3799 1228 3858 esar..

108 3905 216 3974 θέντα,
239 3915 269 3962 Πῑ
290 3911 365 3978 iiiu¹⁰
384 3915 457 3978 anit,
477 3913 520 3965 ubi
540 3913 648 3967 Grabius
683 3909 765 3974 Digna
788 3909 828 3958 est
843 3894 989 3955 emendatio
1006 3903 1069 3957 quae
1083 3889 1234 3984 intertum

108 3995 228 4050 vitandae
255 3997 409 4062 tautologiae
438 4011 500 4064 ergo
529 3997 650 4064 proponit
681 3992 839 4058 recipiatur,
872 3973 1027 4050 praesertim
1051 3985 1130 4064 quum
1160 3989 1236 4022 aaa.

109 4077 297 4134 διαλαθέντα.
330 4081 441 4132 Prorsus
457 4080 594 4133 tollendum
611 4080 648 4142 ri-
683 4071 805 4128 λυθέντα
817 4069 844 4121 iu
865 4065 934 4117 clar.
956 4055 988 4109 ad
1004 4067 1149 4126 marginem
1165 4054 1241 4120 lega..

109 4162 186 4218 detur
198 4164 271 4234 prius
284 4163 387 4218 uerbum
399 4164 579 4219 Thalemauuo.
597 4163 648 4218 Pro
683 4163 734 4218 tur.
762 4155 865 4208 Mecum
879 4143 944 4198 iecit
958 4136 1114 4280 Troipppius.
