2910 4774
577 277 825 344 .APPENDIX.
1158 353 1160 359 ,
1191 277 1258 350 213

144 451 307 530 perspexi.
351 451 460 528 ltaque
486 453 594 514 exorsi
615 455 687 514 sunt
709 470 771 514 non
792 455 1037 532 praeparatione
1054 455 1188 516 telorum
1203 457 1258 516 aut

144 564 372 622 armorum'aut
389 563 543 640 tubarum,
569 564 642 638 quia
658 564 718 623 boe
733 564 866 624 invisum
880 565 919 652 iis
935 572 985 624 est
1006 567 1140 642 propter
1156 565 1261 642 deum,

145 689 239 748 quem
254 675 380 749 gestant
393 673 425 730 in
440 673 641 732 conscientia.
676 674 855 734 Verisimile
870 690 948 751 ergo
968 677 1027 751 est,
1050 692 1128 750 quos
1144 674 1257 734 atheos

145 799 220 842 esse
243 783 439 859 suspicamur
464 797 520 841 eos
544 783 576 840 iu
598 783 789 844 conscientia
812 801 870 844 sua
894 785 985 844 deum
1008 784 1127 844 habere
1145 786 1257 862 sponte

144 891 332 952 insidentem
360 892 489 967 eiusque
519 895 701 969 praesentia
723 895 858 954 munitos
882 911 964 954 esse.
1008 893 1086 952 Nam
1108 911 1201 970 quum
1221 909 1257 954 se

144 1001 232 1061 humi
256 1001 481 1079 proiecissent,
505 1019 566 1060 non
589 1019 648 1078 pro
672 1019 720 1062 me
742 1004 842 1063 solnm
862 1003 983 1080 precati
1001 1004 1146 1062 suntsed
1164 1004 1258 1064 etiam

146 1128 206 1190 pro
223 1111 371 1170 universo
395 1112 554 1188 exercitu,
575 1113 610 1170 ut
623 1115 823 1188 praesentem
846 1113 930 1172 sitim
946 1114 978 1171 et
991 1111 1103 1172 famem
1119 1114 1257 1173 sedaret.

143 1205 261 1290 Quinto
285 1221 366 1280 enim
390 1221 451 1279 iam
475 1221 526 1280 die
550 1239 661 1298 aquam
684 1238 746 1282 non
773 1239 993 1300 acceperamus
1016 1223 1099 1298 quod
1124 1207 1257 1301 prorsus

147 1332 293 1406 deesset;
325 1347 448 1390 eramus
470 1331 550 1390 enim
574 1331 606 1390 in
631 1333 804 1392 meditullio
820 1331 1003 1392 Germaniae
1026 1334 1119 1409 idque
1140 1333 1171 1392 in
1186 1333 1258 1392 fini-

145 1441 206 1501 bus
228 1441 374 1500 hostium.
419 1439 613 1515 Simulatque
637 1443 740 1500 autem
756 1441 803 1499 illi
826 1443 857 1499 in
874 1444 990 1501 terram
1007 1459 1042 1502 se
1057 1443 1259 1519 proiecerunt

146 1567 184 1610 ao
204 1552 294 1610 deum
317 1551 500 1628 precatione
524 1551 724 1627 invocarunt,
755 1567 845 1626 quem
868 1567 927 1627 ego
943 1551 1143 1628 ignorabam,
1180 1569 1257 1612 con-

146 1661 254 1721 festim
271 1662 368 1720 imber
387 1661 426 1719 de
444 1661 534 1720 coelo
558 1662 743 1719 consecutus
768 1661 835 1736 est,
858 1660 889 1718 in
901 1677 959 1719 nos
974 1661 1097 1736 quidem
1113 1661 1258 1738 frigidis·

146 1771 260 1844 simus,
294 1771 327 1830 in
353 1770 464 1828 hostes
488 1771 592 1828 autem
612 1771 819 1828 Romanorum
843 1770 964 1846 grando
989 1771 1091 1848 ignea.
1136 1771 1258 1830 Sedet

146 1897 215 1940 eum
235 1881 418 1958 precatione
443 1881 513 1957 ipsa
539 1880 626 1938 illico
648 1875 925 1956 praesentianum
942 1881 1160 1957 perspeximus
1176 1883 1258 1940 tam·

146 2007 239 2066 quam
254 1990 478 2067 insuperabilis
501 1991 533 2048 et
556 1989 674 2048 invicti.
716 1988 792 2048 Inde
808 1990 905 2066 igitur
919 1991 1104 2068 incipientes
1123 1991 1257 2068 permit-

145 2103 247 2160 temus
262 2101 379 2160 talibus
396 2117 467 2158 esse
484 2097 685 2175 Christianis,
708 2116 747 2159 ne
757 2145 765 2176 ,
791 2100 819 2158 si
836 2100 913 2158 talia
926 2101 1080 2160 adversus
1096 2118 1153 2160 nos
1171 2081 1257 2160 arma

45 2279 47 2285 .
145 2211 325 2288 postulent,
347 2211 415 2270 voti
437 2211 598 2287 compotes
618 2209 703 2268 liant.
749 2209 900 2278 Quocirca
923 2212 1028 2270 statuo
1046 2229 1084 2269 ne
1101 2211 1257 2270 hominem

145 2321 339 2398 huiusmodi,
375 2321 460 2396 quod
480 2319 629 2379 videlieet
653 2318 850 2379 Christianus
882 2320 942 2396 sit,
978 2321 1073 2379 liceat
1097 2337 1255 2380 accusare.

146 2429 180 2490 Si
195 2431 264 2506 quis
288 2432 391 2490 autem
413 2409 591 2488 inveniatur
610 2431 662 2506 qui
679 2429 887 2489 Christianum
906 2429 1030 2488 deierat
1052 2433 1135 2506 quod
1161 2429 1256 2489 chri-

146 2541 268 2601 stianus
292 2541 351 2618 sit,
380 2542 419 2600 de
443 2539 639 2617 Christiano,
674 2540 725 2615 qui
743 2539 886 2599 defertur
910 2541 1023 2615 quique
1047 2539 1256 2599 Christianum

104 2625 106 2630 Ι
146 2667 182 2711 se
199 2667 271 2710 esse
284 2651 468 2728 profitetur,
488 2649 686 2708 manifestum
709 2650 778 2707 lieri
793 2649 868 2708 volo
884 2649 1001 2707 nullam
1024 2649 1117 2708 aliam
1132 2651 1172 2708 ob
1189 2666 1256 2708 rem

146 2778 216 2821 eum
229 2761 372 2820 accusari
386 2760 447 2820 nisi
470 2760 554 2836 quod
572 2757 768 2835 Christianus
791 2758 849 2834 sit,
871 2757 1045 2816 delatorem
1060 2776 1137 2817 vero
1154 2759 1255 2834 ipsum

144 2871 252 2930 vivum
266 2871 420 2943 comburi;
443 2869 526 2945 quod
546 2871 650 2928 autem
664 2867 872 2927 Christianum
896 2867 1093 2926 confitentem
1109 2871 1203 2944 atque
1223 2869 1269 2930 id,

144 2981 332 3058 probantem
355 2979 484 3055 attinet,
509 2979 537 3038 is
555 2979 605 3038 oui
626 2977 853 3038 administratio
872 2977 1054 3053 provinciae
1071 2978 1191 3037 credita
1206 2980 1256 3038 est

145 3091 243 3152 talem
272 3083 429 3166 ne'cogat
450 3090 490 3148 ab
519 3088 581 3147 hoc
607 3089 750 3146 instituto
775 3086 940 3146 discedere
970 3103 1050 3146 neve
1074 3089 1255 3151 libertatem

145 3199 282 3260 auferat.
326 3197 410 3258 Haec
427 3213 504 3256 vero
520 3199 614 3256 etiam
631 3197 904 3256 senatusconsulto
919 3196 1097 3292 confirmari
1114 3198 1198 3274 volo,
1221 3199 1255 3257 et

144 3331 246 3397 legione
267 3328 435 3380 tulminatrice
458 3329 490 3382 ci.
508 3328 645 3382 Eusebium
663 3326 681 3380 l.
717 3324 825 3378 ridetur.
855 3325 1032 3380 Eicbstodioe.
1061 3328 1167 3380 Slruas:
1185 3321 1254 3396 dod-

146 3430 169 3468 o.
187 3414 218 3466 V.
234 3409 284 3466 αδ
299 3412 383 3479 (Tem.
399 3413 438 3480 ll)
455 3426 481 3480 p.
492 3411 525 3464 43
536 3428 592 3481 sqq.
613 3411 682 3480 (ride
718 3411 802 3476 λομαι
824 3407 874 3463 τόν
888 3406 940 3476 μὲν
956 3407 1167 3479 προσαγόμενον
1183 3414 1253 3477 Χοι-

144 3498 297 3554 Heinielien.
317 3509 343 3562 p.
360 3496 418 3561 46).
717 3487 849 3558 οτιανόν,
869 3491 1084 3568 ὁμολογήσαντα
1107 3499 1192 3550 τοῦτο
1212 3495 1254 3564 yi-

216 3581 257 3636 17.
283 3575 475 3646 ἀκαταλύτου]
501 3581 582 3635 Deest
608 3585 683 3652 (spi.
717 3583 834 3645 νεοθαι,
853 3578 997 3648 πρόδηλον
1021 3579 1094 3637 εἶναι
1120 3579 1254 3649 ἐγκαλού-

144 3666 235 3735 burg.)
249 3666 413 3731 συνοίδαμεν
426 3666 465 3718 vel
476 3666 557 3720 simile
568 3671 681 3724 verbum.
716 3683 803 3734 μενον
820 3659 886 3720 ἄλλο
902 3665 999 3732 ἕτερον
1014 3665 1102 3735 μηδὲν
1117 3673 1184 3722 ete..

146 3754 231 3822 Supra
249 3753 398 3818 usurpatum
413 3753 468 3802 erat
490 3747 683 3817 ἐπεγνωκέναι.
788 3751 829 3806 19.
846 3751 893 3806 ueri
908 3769 1028 3820 σοναοφ.
1040 3751 1104 3820 περὶ
1117 3772 1140 3805 τ.
1158 3746 1254 3807 τοιού·

217 3837 257 3892 18.
278 3837 419 3904 γίνεσθαι]
453 3833 564 3889 Laborat
592 3840 682 3908 oratio,
717 3839 781 3898 τοο]
808 3836 843 3888 Se
859 3837 957 3890 scilicet
973 3852 1025 3888 non
1048 3837 1121 3890 aliam
1146 3839 1177 3890 ob
1193 3855 1254 3892 can-

145 3937 198 3976 non
220 3923 382 3975 librariorum
404 3917 466 3970 nitio
485 3919 617 3986 [Sylburg.
639 3937 682 3974 re·
717 3936 770 3973 som
784 3921 907 3974 accusari.
927 3921 1007 3973 Paulo
1024 3925 1083 3988 post
1099 3926 1139 3974 est
1151 3919 1255 3992 durilo-

144 4009 200 4063 iieit
219 4006 280 4060 illud
308 4005 413 4058 uerbum
439 4007 566 4072 tamquam
587 4004 683 4056 redun-
717 4023 768 4071 μοι
795 4021 826 4057 ex
844 4003 1055 4073 praecedentibus
1076 4011 1159 4059 mente
1190 4025 1253 4078 sup-

145 4091 238 4162 dans],
256 4095 391 4161 putamus,
410 4087 455 4140 sed
473 4089 599 4156 imperitia
617 4089 682 4142 seri·
716 4089 843 4160 piendum.

144 4179 248 4244 beatis,
266 4176 309 4245 qui
325 4169 396 4228 εἷναι
412 4173 442 4226 ad
458 4167 617 4242 πρόδηλον,
637 4172 681 4240 pt·
785 4175 828 4229 20.
848 4170 880 4228 ed
903 4169 1059 4242 διάταγμα]
1086 4175 1253 4230 Constitutio-

147 4263 247 4318 νεοθαι
270 4261 302 4315 ad
325 4253 538 4330 ὁμολογήσαντα
564 4261 681 4315 retulisse
717 4260 756 4314 nis
771 4261 845 4316 buius
859 4262 1027 4330 fragmentum
1046 4261 1156 4316 Grabius
1175 4275 1254 4329 agno-
