2914 4774
533 226 743 336 nronoorn
770 272 793 334 1.
1189 271 1232 338 at

118 445 285 525 opiniones
303 445 439 506 docuere
455 463 516 506 uno
539 447 661 508 omnino
677 443 900 526 philosophiae
923 445 1046 508 nomine
1062 447 1232 525 appellan-

118 559 188 634 tur,
210 557 353 634 quamvis
369 558 547 632 contrariae
566 559 629 616 sint
651 574 758 618 eorum
775 558 969 635 sententiae,
990 559 1036 617 ita
1052 559 1091 618 iis
1109 576 1233 634 quoque

118 668 173 744 qui
194 667 277 745 apud
300 668 456 727 barbaros
473 669 626 728 exstitere
643 671 696 728 aut
719 668 889 728 existimati
908 653 980 728 sunt
998 669 1157 746 sapientes
1172 687 1233 729 no·

117 795 189 838 mon
204 759 288 853 quod
305 778 424 838 crimini
439 779 531 838 datur
546 795 703 840 commune
721 795 809 838 csso:
833 777 1004 838 Christiani
1022 753 1102 838 cni'm
1118 779 1232 856 appel-

118 889 227 948 lantur
243 905 359 948 omncs.
389 889 491 958 Quare
508 905 655 965 rogamus
670 891 704 948 ut
720 889 869 966 omnium,
892 889 944 964 qui
962 889 1046 966 apud
1060 906 1121 950 vos
1137 907 1232 950 accu-

118 1001 244 1076 santur,
266 999 475 1058 diiudicentur
491 1000 650 1076 actiones,
673 979 775 1074 utqui
794 999 954 1058 convictus
973 997 1070 1060 fuerit
1083 1000 1232 1076 puniatur
1257 1035 1260 1040 -

115 1112 275 1184 tamquam
292 1110 463 1186 improbus,
487 1125 549 1168 nou
564 1111 721 1186 tamquam
741 1107 954 1184 Christianus5
977 1109 1005 1168 si
1022 1125 1112 1184 quem
1128 1113 1232 1170 autem

118 1222 212 1278 extra
226 1221 352 1280 noxiam
363 1237 441 1283 esso
457 1205 581 1300 pateat,
606 1219 780 1280 dimittatur
794 1222 950 1295 tamquam
965 1218 1160 1289 Christianus
1179 1221 1231 1296 qui

117 1329 198 1388 nihil
221 1330 329 1390 iniusti
352 1330 463 1407 egerit.
501 1329 570 1388 Non
596 1331 872 1406 enimrogabimus
895 1331 928 1389 ut
942 1330 975 1388 in
991 1331 1080 1407 ipsos
1100 1345 1231 1390 accusa-

117 1437 207 1500 tores
222 1440 496 1516 animadvertatis;
523 1457 594 1498 nam
611 1440 688 1500 satis
705 1443 758 1498 cst
772 1441 837 1515 illis
852 1440 1001 1517 supplicii
1019 1457 1076 1520 sua
1091 1441 1231 1518 ipsorum

116 1546 258 1627 nequitia
275 1567 311 1610 ao
326 1551 478 1610 bonarum
496 1567 601 1610 rerum
620 1549 788 1628 ignoratio.

147 1719 149 1724 ,
204 1663 234 1720 8.
255 1659 374 1720 Vestra
396 1663 499 1720 autem
514 1660 610 1721 causi
630 1661 710 1720 hacc
731 1657 751 1719 a
768 1660 860 1720 nobis
877 1661 964 1726 dicta
976 1677 1048 1720 esse
1065 1675 1106 1719 ex
1127 1677 1164 1720 co
1180 1661 1230 1718 in-

117 1772 255 1848 telligite
270 1772 353 1848 quod
371 1773 403 1830 iu
423 1772 513 1832 nohis
531 1772 624 1830 situm
638 1772 680 1830 sit
696 1787 814 1848 negare
829 1788 920 1847 quum
938 1769 1129 1846 inquirimur.
1167 1769 1230 1830 Sed

116 1883 261 1962 nolumus
284 1882 393 1941 vivore
418 1882 563 1942 obstricti
583 1881 763 1957 mendacio;
794 1884 943 1940 aeternae
968 1881 1048 1939 enim
1072 1898 1108 1940 ac
1130 1897 1230 1958 purae

115 1993 204 2053 vitae
217 1991 322 2070 cupidi
337 1991 378 2051 ad
393 1993 579 2052 domicilium
608 2009 675 2052 cum
694 1991 754 2050 deo
768 1992 987 2051 universorum
1003 1993 1094 2068 patre
1109 1993 1141 2050 et
1158 1970 1230 2068 opi-

116 2103 176 2164 fice
200 2103 430 2180 contendimus,
462 2105 557 2178 atque
585 2099 793 2180 properamus
816 2103 857 2162 ad
881 2103 1105 2180 confitendum,
1137 2120 1230 2177 quum

115 2231 303 2292 persuasum
318 2212 491 2296 habeamus
513 2214 545 2271 et
566 2207 730 2272 credamus
746 2213 923 2290 comparari
939 2230 1035 2295 posse
1052 2213 1132 2272 haec
1148 2213 1230 2271 bona

117 2325 158 2385 ab
177 2325 218 2383 iis
238 2323 292 2400 qui
307 2323 400 2384 iactis
423 2323 488 2382 suis
504 2324 613 2382 testati
632 2323 825 2393 deosuerint
846 2340 880 2383 se
899 2324 986 2382 illum
1003 2325 1141 2383 sectatos
1157 2339 1229 2394 esse

118 2437 151 2495 et
174 2427 256 2494 illud
277 2434 361 2510 apud
383 2451 453 2493 eum
479 2433 665 2493 domicilium
689 2435 869 2510 adamasso‚
906 2433 960 2493 ubi
982 2433 1141 2496 'vitiositas
1168 2451 1230 2494 non

7 2567 10 2574 ’
117 2546 305 2606 reluctatur.
344 2543 384 2604 Ut
407 2544 505 2620 igitur
531 2544 641 2620 paucis
665 2543 784 2620 dicam,
803 2543 883 2603 haec
912 2545 983 2604 sunt
1007 2559 1086 2619 quae
1111 2561 1230 2621 exspe-

93 2659 238 2718 ctamus
261 2655 294 2714 et
316 2671 335 2713 a
355 2651 481 2713 Christo
508 2653 670 2712 didicimus
694 2653 900 2712 ct'docemos.
942 2653 1093 2712 Similiter
1107 2655 1231 2729 quidem

116 2767 212 2828 Plato
233 2766 412 2844 improbos,
443 2766 610 2842 postquam
634 2763 674 2822 ad
688 2763 822 2822 Minoem
838 2765 870 2822 ct
886 2762 1154 2823 Rhadamanthum
1171 2781 1230 2823 vc-

115 2879 242 2958 nerunt,
266 2877 347 2938 dixit
363 2876 402 2935 ab
426 2869 466 2934 iis
493 2874 640 2960 punitum
657 2873 697 2932 iri
704 2891 712 2950 3
733 2889 791 2932 nos
811 2874 920 2936 autem
936 2873 1019 2932 idern
1043 2873 1107 2931 illis
1132 2889 1231 2936 oven-

117 3073 252 3140 qnunlur:
277 3063 345 3136 παρ’
367 3059 444 3136 αὐτῷ
456 3065 604 3134 διαγωγῆς
624 3059 824 3136 4165qu
860 3062 1023 3116 l'halcmann.
1043 3063 1106 3116 malc
1126 3056 1230 3116 ‘Pudui-
1255 3055 1257 3060 ’

116 3174 194 3224 ρων,
224 3151 295 3216 ἔνθα
315 3154 401 3208 κακία
424 3147 477 3206 οὐκ
501 3147 657 3204 doratensi.
692 3153 817 3220 μανῦον.
1055 3211 1057 3216 ¹

116 3243 175 3296 lloc
196 3244 280 3293 autem
303 3239 360 3298 loco
375 3237 460 3291 κακία
476 3251 528 3288 non
553 3240 593 3288 est
614 3252 658 3289 ce-
689 3273 691 3277 ·
767 3237 793 3288 5.
820 3228 897 3288 univ..
914 3271 921 3286 .
940 3271 947 3290 .
963 3228 1230 3302 uoluodpuops'vov]

115 3341 215 3379 mommo
240 3324 382 3392 (Troilop.)
404 3323 449 3376 scd
464 3315 606 3390 provilos;
625 3323 657 3380 ci.
694 3321 773 3376 codd.
796 3323 855 3374 msti
877 3325 904 3376 ct
925 3319 987 3374 edili
1008 3319 1054 3373 nol
1078 3323 1137 3380 τοῖς
1161 3325 1230 3374 etc..

117 3427 142 3465 c.
158 3410 192 3464 6:
214 3405 398 3477 ἄνεπιμίκτου
416 3425 445 3461 τε
462 3405 560 3468 κακίας
575 3407 656 3462 θεοῦ.
692 3406 778 3478 Daris.
798 3405 887 3458 maluit
910 3399 964 3459 κᾶν
984 3409 1043 3467 τοῖς
1063 3400 1162 3466 αὐτοῖς
1178 3400 1231 3458 cd-

47 3560 49 3566 ,
187 3494 215 3550 8.
232 3489 432 3558 ‘Str-..ronicd
451 3489 532 3556 doru]
564 3492 658 3545 Annon
692 3509 761 3558 μασι
784 3487 834 3560 μὲν
857 3492 914 3544 τῶν
934 3491 1034 3559 ψυχῶν
1057 3508 1148 3558 yssop-
1170 3496 1229 3560 cim,

117 3582 159 3634 hic
174 3581 274 3634 articuli
287 3578 347 3632 fidei
359 3579 468 3634 dosunt?
489 3579 531 3632 An
547 3576 658 3630 nondum
693 3577 790 3629 Thirlh.
816 3575 865 3632 nal
886 3581 947 3638 τοῖς
1017 3573 1174 3642 γινομένοις

118 3666 261 3733 symbolum
274 3663 485 3718 instrumentum
497 3664 556 3718 cst?
572 3663 657 3716 Pcor-
692 3662 958 3730 κολασθησομένως.
978 3659 1090 3726 Troilop.
1108 3661 1230 3710 commate

118 3763 210 3804 socos.
228 3751 293 3803 Uoc
304 3754 441 3810 contextus
451 3751 536 3817 hahet,
553 3739 659 3816 respicit
692 3751 752 3815 post
777 3749 903 3814 Χριστοῦ
935 3747 1018 3798 deleto
1047 3741 1231 3794 commendavit

117 3835 234 3888 lustinus
251 3833 439 3904 antecedentia·
455 3836 481 3887 h.
497 3851 519 3886 e.
547 3847 658 3900 eaquae
694 3827 739 3884 ἐπὶ
755 3835 815 3892 τοῖς
838 3827 933 3886 αὐτῶν
958 3831 1010 3899 (sc.
1037 3822 1152 3888 sidium)
1172 3817 1229 3874 σώ-

117 3919 151 3972 dc
167 3920 219 3972 vita
232 3923 290 3986 post
306 3924 414 3974 mortem
429 3935 485 3972 com
499 3918 546 3972 deo
562 3917 657 3984 degen-
695 3931 763 3984 μασι
779 3921 846 3970 etc..
863 3915 987 3984 Equidem
1007 3927 1058 3964 uon
1073 3908 1165 3972 multari
1180 3908 1230 3960 nisi

119 4003 152 4058 da
169 3991 295 4058 diucrat.¹
682 3997 745 4061 'nul
763 4001 789 4053 in
799 3995 853 4054 adv
867 3999 970 4066 (zual
987 3994 1035 4062 ἐν).
1058 3993 1167 4046 Voculae
1181 4011 1230 4046 και

188 4088 215 4142 4.
243 4081 361 4157 Ῥαδάμ.
384 4107 409 4141 ι.
429 4088 514 4142 Μίνω
536 4088 598 4157 clo]
621 4087 661 4140 ci.
695 4093 723 4142 el
741 4104 794 4138 ouo
815 4083 962 4151 saepissime
984 4082 1011 4132 in
1035 4075 1106 4130 codd.
1123 4077 1229 4128 conlun-

120 4177 151 4229 Pl
250 4191 290 4242 ῖς.
310 4188 336 4242 p.
353 4173 412 4227 528.
435 4175 467 4228 Ε.
488 4174 548 4226 524.
571 4173 604 4230 A.
620 4171 659 4226 cd.
695 4173 805 4236 duntur3
824 4169 854 4222 ci.
868 4167 933 4219 Dial.
947 4182 969 4217 c.
983 4165 1027 4218 Tr.
1042 4161 1117 4214 ΗΞ.
1129 4175 1154 4227 p.
1168 4161 1228 4214 240.

53 4315 58 4323 .
118 4175 320 4532 ἦρι.
342 4258 381 4315 ed.
406 4259 464 4326 Bip.
487 4260 542 4314 Vol.
565 4259 607 4312 lv.
633 4273 660 4326 p.
695 4249 1055 4324 mesopotameni..
1078 4243 1229 4318 ¹mipva-
