2900 4776
550 279 757 346 APOLOGIA
789 283 812 344 1.
1157 285 1229 360 Ι115

111 461 221 508 omnes
240 449 368 511 morbos
388 454 567 514 curaturum
584 458 617 515 et
639 459 780 518 mertuos
804 459 1029 539 excitaturum,
1052 459 1152 522 verba
1166 477 1227 522 vu-

109 559 214 618 tieinii
236 561 353 620 audite.
396 561 475 624 Sunt
490 563 586 626 haee:
617 561 654 627 In
671 563 812 630 adventu
828 566 896 633 eius
918 567 1014 634 saliet
1029 567 1167 634 claudus
1183 569 1227 633 ei-

110 669 166 732 cnr
183 689 312 748 cereus,
335 672 367 733 et
388 669 514 736 diserta
535 673 598 738 erit
625 673 738 760 tingue
763 675 944 764 balborum:
965 679 1055 744 caeci
1072 677 1226 744 videbunt

109 779 145 842 et
170 777 293 864 leprosi
314 779 552 846 mundabuntur
575 787 609 848 et
632 786 750 850 mertui
774 791 941 873 resurgent
957 792 990 854 et
1008 787 1224 854 ambutabunt.

108 891 216 968 Atque
234 891 313 952 haee
334 910 403 953 eum
421 893 555 974 fecisse,
580 915 621 956 ex
637 896 722 960 actis
744 901 802 959 sub
818 901 930 961 Pontio
947 901 1051 962 Pilato
1071 901 1224 962 eenieetis

108 1001 234 1062 discere
258 1005 402 1080 potestis.
446 1005 512 1074 Quo
537 1009 631 1066 etiam
657 1011 749 1069 medo
775 1011 981 1089 propheticus
1005 1013 1135 1090 spiritus
1152 1013 1223 1072 eur'n

108 1129 179 1172 eum
202 1111 378 1173 hominibus
405 1115 437 1174 in
462 1132 531 1175 eum
561 1119 762 1194 sperantibus
787 1121 923 1180 occisum
948 1121 989 1180 iri
1017 1123 1222 1199 praedixerit,
1280 1198 1283 1202 ¹

108 1223 217 1282 audite
234 1240 366 1300 eaquae
381 1242 439 1303 per
457 1225 590 1286 Iesaiem
608 1229 691 1288 dieta
708 1233 789 1290 sunt.
834 1231 911 1292 Sunt
927 1229 1023 1291 haee:
1044 1227 1133 1294 Eece
1147 1251 1223 1314 qure-

107 1328 203 1394 mede
213 1331 319 1412 periit
336 1331 459 1410 iustus,
479 1337 511 1398 et
528 1355 615 1400 nemo
636 1338 783 1424 percipit
798 1337 913 1414 eorde,-
939 1342 971 1404 οἳ
985 1338 1050 1403 riri
1070 1338 1151 1404 iusti
1164 1339 1221 1404 tel·

108 1439 240 1518 lenter,
259 1445 293 1506 et
315 1464 403 1507 neme
427 1443 621 1510 considerat.
650 1448 681 1510 Α
693 1445 787 1536 secie
807 1447 990 1514 iniustitiae
1006 1449 1155 1514 sublatus
1172 1453 1222 1515 est

107 1553 232 1631 instes,
256 1555 288 1619 et
312 1554 375 1620 erit
397 1554 431 1618 in
444 1575 527 1642 pace
547 1556 716 1642 sepultura
730 1559 820 1624 eius:
840 1557 990 1624 euitatus
1009 1562 1057 1624 est
1073 1582 1090 1624 e
1105 1559 1220 1624 medie.

194 1713 245 1772 ee.
266 1711 314 1772 Ae
337 1731 446 1772 rursus
471 1714 625 1789 quemodo
652 1731 711 1791 per
735 1715 876 1774 eumdem
891 1713 1024 1775 Iesaiam
1047 1716 1162 1776 dietum
1178 1715 1220 1774 sit

106 1821 179 1883 fere
195 1825 230 1883 ut
246 1841 315 1882 eum
338 1823 448 1902 populi
470 1824 607 1900 gentium
629 1824 777 1901 aderent,
802 1825 854 1900 qni
870 1825 992 1884 minime
1014 1842 1084 1884 eum
1101 1841 1220 1902 exspe-

106 1933 251 2011 ctabant,
274 1933 383 1994 Iudaei
399 1950 493 2010 vere,
519 1933 571 2009 qui
592 1951 716 2011 semper
735 1937 977 2013 exspectabant,
1001 1935 1219 1994 advenientem

104 2061 168 2104 non
185 2045 365 2121 agnoscent.
409 2043 518 2102 Verba
534 2045 637 2102 autem
656 2045 739 2102 dieta
763 2047 834 2104 sunt
851 2049 1004 2120 tamquam
1023 2062 1063 2104 ex
1080 2060 1219 2122 persona

103 2155 205 2232 ipsius
230 2153 357 2213 Christi.
402 2153 480 2212 Sunt
495 2154 591 2213 haee:
618 2146 816 2238 Manifestus
821 2145 938 2238 sactus
953 2173 1021 2216 eum
1035 2151 1077 2216 iis
1095 2151 1153 2236 qui
1169 2177 1218 2221 me

102 2281 168 2324 nen
192 2260 411 2346 interrogent,
439 2259 584 2325 inventus
609 2283 679 2324 sum
701 2260 742 2325 at
765 2260 807 2325 iis
827 2261 884 2347 qui
899 2283 947 2327 me
965 2283 1027 2326 αοα
1049 2267 1216 2349 quaerunt.

103 2369 211 2437 Diui:
235 2371 375 2446 Adeum,
400 2369 564 2456 gentibus,
587 2393 668 2457 quae
688 2394 749 2436 nere
763 2377 954 2438 vocaverunt
974 2395 1087 2438 nomen
1105 2396 1214 2439 meum.

103 2479 269 2568 Expandi
288 2503 400 2546 mannes
424 2504 511 2546 meas
533 2481 578 2546 ad
599 2482 757 2570 poputum
780 2481 980 2547 incredulum
997 2487 1030 2549 et
1049 2484 1216 2549 contradi·

103 2597 242 2668 centem,
265 2591 310 2656 ed
331 2593 456 2678 eosqui
476 2591 630 2659 incedunt
644 2594 679 2656 in
698 2592 752 2657 eia
772 2615 835 2657 non
855 2591 953 2670 bena,
973 2591 1033 2658 sed
1047 2573 1127 2680 post
1141 2615 1216 2681 pec·

103 2707 180 2768 eata
202 2725 271 2766 sne.
317 2703 465 2789 Populus
489 2707 537 2768 est
562 2695 618 2788 qni
634 2701 807 2768 exacerbet
822 2724 870 2768 me
892 2701 925 2766 in
944 2705 1115 2790 conspectu
1134 2726 1212 2771 meo.

101 2817 210 2876 Iudaei
233 2817 331 2893 enim,
354 2817 406 2893 qui
422 2815 608 2894 prophetias
625 2817 656 2874 in
671 2816 811 2875 manibus
827 2815 944 2874 habent
965 2819 998 2875 et
1013 2834 1138 2896 semper
1154 2834 1215 2878 ex-

102 2927 291 3004 spectabant
304 2926 462 2986 Christum
483 2929 665 3003 venturum,
690 2943 759 2986 eum
779 2943 841 2984 non
863 2929 1076 3004 agnoverunt,
1100 2945 1137 2987 ee
1151 2944 1214 2987 non

102 3039 206 3098 selum
220 3055 281 3097 uon
298 3039 512 3115 agnoverunt,
535 3037 592 3096 sed
612 3037 706 3096 etiem
727 3037 808 3096 male
828 3038 1020 3112 tructarum
1044 3037 1096 3113 qui
1111 3039 1214 3097 autem

102 3243 183 3300 tener
204 3261 259 3298 cum
276 3245 451 3314 Septuaginta.
489 3245 512 3299 A
533 3245 642 3296 librariis
746 3243 772 3299 6,
794 3239 947 3314 ἠγνόησαν]
972 3243 1145 3313 supplendum
1160 3246 1214 3298 eni·

92 3334 146 3396 ‚Et
157 3335 184 3384 et
198 3332 226 3382 H
243 3346 319 3399 saepe
333 3330 533 3398 contundentem
551 3329 600 3384 vid.
618 3347 640 3382 c.
677 3346 718 3384 me
741 3327 981 3398 παραγενόμενον.
1008 3329 1045 3382 At
1064 3331 1215 3398 Sylhurgius

101 3417 146 3471 52.
166 3433 192 3470 n.
212 3415 271 3470 t.8.
288 3417 338 3470 ul..
677 3419 725 3469 hee
749 3417 854 3468 verbum
875 3415 957 3466 textui
986 3418 1045 3467 unte
1073 3410 1220 3486 ἠγνόησαν·

158 3503 185 3555 4.
207 3494 395 3564 ἀπειθοῦντα]
409 3497 487 3552 Cede.
502 3499 559 3550 msti
573 3493 641 3552 οἷαι·
677 3500 840 3555 inserendum
854 3499 981 3552 iudicarit.
1022 3501 1104 3567 Magis
1117 3501 1214 3569 placet:

99 3587 223 3641 θοῦντα.
260 3585 312 3639 Sed
336 3586 385 3636 iam
403 3583 513 3636 (trebius
533 3599 642 3652 usurpa·
678 3583 723 3641 etet
747 3581 993 3654 προσδοκήσαντες
1017 3579 1215 3652 rideretis,

99 3677 152 3724 tem
177 3671 275 3725 lustine
299 3671 433 3724 lectionem
459 3667 511 3734 (cc.
533 3667 576 3722 35.
597 3667 642 3735 88,
676 3663 906 3738 παραγενόμενον
919 3664 1213 3738 η’γνόησαν-οῑοοιι-
1235 3690 1239 3697 ·

99 3757 167 3812 Diel.
188 3772 210 3812 e.
229 3757 272 3810 Tr.
289 3772 326 3811 cc.
341 3754 384 3810 24.
400 3753 444 3809 97.
463 3753 525 3823 111)
543 3753 569 3805 in
583 3757 641 3804 tex·
676 3758 701 3810 le
731 3761 790 3809 ente
817 3758 843 3808 et
864 3769 886 3808 ο.
909 3751 952 3806 63.
977 3767 1003 3821 p.
1021 3751 1063 3807 88.
1085 3753 1118 3808 D.
1140 3755 1215 3808 Nihil

99 3848 129 3896 tu
148 3842 289 3896 collocavit.
399 3887 401 3894 Α
676 3846 755 3896 mute.

170 3928 197 3980 5.
217 3921 348 3980 Ἰουδαῖοι
370 3919 423 3992 γαρ
501 3915 641 3989 ἠγνόησαν
744 3925 770 3980 7.
791 3920 1016 3992 παρεχρὴσαντο]
1036 3921 1128 3989 Ιαος.,
1153 3921 1212 3976 Bill.

159 4009 208 4064 net
229 4005 458 4080 παροχοὴσαννσ·
487 4006 515 4060 ot
537 4004 567 4061 11
586 4004 644 4061 nint
677 4009 816 4078 (Obserrv.
841 4023 907 4063 seer.
931 4010 966 4062 11.
991 4023 1013 4061 c.
1030 4004 1077 4074 6),
1099 4005 1217 4058 Gieseler

101 4113 126 4148 r.
145 4091 493 4164 ἐθνῶν...πληρωθέντες
509 4093 598 4162 χαρᾶς
616 4111 641 4146 α.
678 4094 787 4166 (Lehrt.
813 4093 839 4146 i.
865 4092 1126 4160 Kirehenpesehirhte
1144 4091 1216 4144 Tem.

100 4183 246 4243 πίστεως.
266 4217 273 4232 .
290 4219 296 4232 .
312 4177 470 4248 ἀνέθηκαν]
491 4179 554 4234 coll.
570 4179 641 4234 Aen.
677 4182 699 4234 1.
718 4181 788 4233 Seet.
807 4181 830 4234 1.
849 4175 889 4230 ed.
905 4173 931 4230 4.
955 4189 981 4244 p.
1002 4173 1065 4244 11⁵)
1078 4172 1218 4245 perrexeri-

101 4271 183 4340 epest.
201 4262 394 4336 13,17ο148.
679 4279 764 4319 σαντα
785 4279 832 4335 pre
857 4259 1039 4333 διεχρήσαντο
1063 4262 1218 4332 (intereme-

1001 4357 1053 4418 81
