2914 4774
171 881 537 970 rnunnnrro
553 845 880 972 nnruronrs
897 882 1174 972 rnronro.

498 1255 845 1342 LECTORIBUS

654 1412 693 1484 S.

162 1553 221 1620 Ι).
235 1550 289 1620 Ιι.
301 1547 356 1619 F·
370 1549 426 1622 0.
451 1549 1188 1632 unumunurm-musmo.

121 1766 212 1900 Qui
229 1806 320 1876 hano
347 1807 467 1877 lustiui
483 1808 649 1901 Martyris
668 1831 813 1901 operum
835 1810 1025 1902 parabilem
1044 1809 1232 1883 editionem

119 1933 285 2021 instituit,
318 1935 580 2006 humanissimus
595 1937 745 2023 iuvenis,
784 1935 834 2005 lo.
854 1935 932 2005 Car.
950 1935 1022 2007 Th.
1042 1935 1151 2006 Otto
1173 1939 1232 2007 Ie-

119 2063 253 2150 uensis,
289 2062 539 2153 cumprimum
566 2063 617 2131 sui
640 2062 772 2131 consilii
799 2085 855 2130 me
885 2064 1060 2132 conscium
1089 2065 1230 2152 luceret,

118 2187 308 2257 admodum
321 2209 390 2280 ego
405 2188 571 2274 laetabar,
588 2198 623 2256 et
632 2199 778 2282 propter
792 2189 974 2281 egregium
989 2189 1110 2278 virum,
1127 2213 1232 2282 quom

118 2314 372 2408 amplam‘hiuc
390 2313 725 2384 commendationem
745 2323 1006 2387 consecuturum
1026 2339 1100 2384 esse
1116 2336 1232 2410 augu-

21 2441 27 2458 '
118 2441 241 2528 rabar,
274 2450 310 2510 et
335 2441 543 2533 optimarum
572 2441 746 2510 literarum
773 2463 883 2510 causa.
936 2441 1041 2511 Certe
1067 2441 1230 2534 dignissi-

118 2591 213 2636 murn
228 2579 337 2660 agunt
350 2577 516 2637 nostrates
533 2568 719 2658 studiisque
734 2569 927 2658 aequalium
945 2548 1231 2638 accommodatis-

119 2694 259 2780 simum,¹
283 2695 342 2784 qui
358 2697 394 2763 in
409 2695 479 2763 hoo
501 2694 807 2763 ecclesiasticorum
828 2695 1032 2786 scriptorum
1050 2696 1231 2787 negotium

119 2844 156 2890 se
174 2821 363 2891 immittunt
375 2823 580 2914 interpretes
597 2830 699 2910 atque
719 2821 876 2890 editores.
914 2821 1031 2909 Atque
1045 2819 1133 2888 illud
1151 2821 1230 2910 qui-

119 2947 200 3016 dem
229 2947 343 3016 cuncti
365 2947 594 3040 perspiciunt,
633 2955 797 3035 quantum
828 2945 935 3013 hodie
955 2954 1149 3012 mereantur
1170 2945 1230 3034 qui

119 3072 366 3142 absolvendam
390 3073 592 3164 dogmatum
616 3071 793 3140 historiam
819 3071 886 3140 suis
911 3070 1029 3165 studiis
1056 3069 1228 3176 adiuvent,

120 3181 215 3268 cuius
242 3199 294 3266 rei
317 3219 447 3271 summa
472 3223 552 3291 pars
574 3199 629 3266 his
654 3197 741 3266 curis
764 3197 977 3266 absolviturs'
992 3198 1062 3266 hoc
1084 3208 1135 3268 est
1154 3222 1231 3268 eam

119 3323 358 3416 disciplinam,
386 3347 473 3414 quae
495 3325 652 3417 plurimis
669 3333 805 3394 nostrae
824 3325 1024 3418 theologiae
1048 3326 1145 3402 malis
1161 3349 1230 3396 una

119 3451 252 3521 mederi
270 3449 398 3542 possit3
427 3460 465 3521 at
483 3449 608 3529 eruditi
626 3451 733 3520 hodie
758 3473 875 3520 omues
896 3461 1158 3543 reputaverunt,
1184 3453 1230 3522 ad

121 3599 320 3647 communes
345 3576 446 3644 etiam
471 3577 584 3646 literas
604 3577 668 3646 ista
693 3577 898 3668 scriptorum
922 3579 1229 3648 ecclesiasticorum

120 3727 221 3772 causa
239 3712 452 3794 quantopere
470 3703 620 3772 attineat.

223 3829 384 3916 Scilicet,¹
408 3838 445 3896 ut
466 3851 486 3896 a
510 3828 561 3896 rei
579 3828 781 3898 christianae
797 3829 974 3924 principiis
998 3832 1230 3898 insecutorum

120 3963 318 4047 temporum
333 3954 570 4024 mensenatis
586 3963 688 4044 atque
707 3956 902 4047 ingenium,
929 3958 976 4024 ita
994 3954 1101 4022 literis
1127 3953 1230 4024 etiam

120 4101 210 4159 nova
233 4081 331 4149 illinc
356 4089 446 4150 oetas
470 4081 595 4150 illuxit.
648 4081 824 4149 vetustam
850 4083 940 4150 euim
964 4081 1110 4150 formam
1132 4082 1229 4150 noris

120 4208 225 4278 rebus
238 4217 401 4302 aptavere
417 4208 551 4302 priscae
570 4208 734 4280 ecclesiae
752 4203 958 4301 scriptores,
981 4215 1017 4278 et
1033 4208 1092 4298 qui
1107 4208 1229 4302 philo·
1319 4282 1330 4297 ,
