2914 4774
496 241 743 332 »Arctoum
772 245 795 306 1.
1148 269 1149 272 κ
1182 211 1228 312 so

108 415 165 476 bis
180 415 370 506 interrogati
388 415 544 478 fateamur
558 433 616 477 nos
635 433 707 478 esso
724 415 937 495 Christianos,
960 417 1101 494 quamvis
1116 419 1226 482 mortis
1310 416 1313 422 ’

104 515 249 604 ¹poenam
263 509 572 619 confitentinositam
590 519 734 588 sciamus.
776 528 854 588 Nam
867 530 902 588 si
917 529 1082 589 humanum
1096 545 1228 606 regnum

110 637 389 714 exspectaremus,
419 638 526 714 utique
549 655 744 715 negaremus¹
759 655 799 698 no
817 640 1047 715 occideremur,
1073 641 1106 698 et
1123 641 1227 700 iatere

111 763 301 806 conaremur
317 750 680 834 otilone-exspectamus
696 755 974 824 consequeremur5
991 749 1048 808 sed
1064 749 1137 824 qnia
1150 765 1226 826 spos

110 858 149 916 in
161 858 256 916 rebus
271 858 491 934 praesentibus
507 851 707 936 positas'non
721 857 888 936 habemus,
909 857 1132 918 interfectores
1147 875 1227 936 par-

110 953 337 1045 sipontinus,
359 970 547 1045 praesertim
565 985 658 1045 quum
672 981 757 1028 mors
775 967 1065 1028 omninodoclinari
1081 970 1225 1044 nequeat.

204 1080 254 1137 12.
270 1055 366 1138 ·Prao
393 1062 534 1138 omnibus
560 1077 862 1145 autem'hominibus
891 1077 1052 1138 adiutores
1075 1079 1166 1137 vobis
1193 1081 1226 1138 et

112 1189 276 1250 auxiliarii
299 1189 340 1248 ad
362 1205 617 1268 pacemsnmus,
647 1191 699 1266 qui
722 1186 808 1260 hacc
830 1183 993 1265 docemus,
1016 1188 1085 1248 fieri
1103 1190 1225 1248 omnino
1251 1189 1253 1193 ’

111 1316 179 1360 non
197 1315 294 1375 posse
314 1300 348 1360 nt
371 1299 463 1358 doum
485 1300 585 1360 lateat
607 1301 766 1360 maleficus
782 1301 836 1360 ent
858 1315 973 1360 avarus
991 1301 1045 1358 aut
1060 1299 1226 1361 insidiator

113 1411 171 1470 aut
185 1409 303 1480 virtuto
317 1409 500 1488 praeditus,
521 1412 553 1468 et
569 1427 814 1486 unumquemque
830 1411 870 1469 ad
884 1385 1045 1470 aeternam
1061 1409 1129 1492 sive
1144 1425 1226 1486 poo-

112 1539 187 1582 nam
202 1521 271 1580 sive
285 1519 419 1578 salntem
433 1536 492 1596 pro
508 1521 628 1580 meritis
644 1522 799 1580 actionum
813 1493 990 1597 proticisci*
1008 1517 1086 1578 Nam
1102 1518 1226 1590 si-haec

113 1631 257 1692 omnibus
273 1629 448 1688 hominibus
462 1631 588 1708 cognita
604 1633 721 1708 essent,
742 1646 832 1717 nonno
848 1630 957 1689 vitium
973 1629 1013 1688 ad
1028 1629 1126 1688 breve
1144 1629 1226 1686 tcm-

113 1759 178 1819 pus
195 1737 347 1817 eligeret,
368 1757 460 1822 quum
484 1742 581 1802 sciret
605 1759 640 1802 so
654 1742 872 1820 coaeternam
891 1738 972 1815 ignis
991 1737 1226 1796 condemnatio-

113 1865 188 1911 nem
202 1850 372 1928 proticisci,
395 1851 453 1910 sed
473 1841 545 1910 sese
566 1848 688 1910 omnino
706 1851 881 1912 contineret
898 1866 935 1908 ac
950 1848 1069 1908 virtute
1086 1831 1226 1906 oxorna-

114 1945 186 2039 ret,
215 1963 250 2022 nt
267 1961 350 2038 hona
374 1977 454 2036 quae
476 1962 572 2020 adeo
591 1962 814 2040 promittuntur
831 1959 1076 2036 consequeretur
1097 1959 1129 2018 et
1147 1975 1226 2034 sup-

114 2072 215 2150 plicia
240 2071 375 2148 ingeret.
418 2071 487 2131 Non
509 2072 590 2130 enim
610 2075 744 2149 propter
769 2072 890 2150 positas
912 2087 932 2130 a
955 2069 1047 2130 vobis
1074 2069 1164 2146 leges
1192 2065 1227 2128 et

115 2199 239 2262 poenas,
254 2183 355 2242 latere
370 2185 521 2241 conantur
541 2183 655 2243 iniusto
672 2185 802 2259 agentes
812 2158 823 2259 ,¹
842 2182 900 2242 sed
915 2197 1007 2257 quum
1023 2195 1058 2238 se
1077 2179 1227 2255 consequi

116 2310 216 2372 posse
232 2294 332 2352 sciant
352 2294 387 2352 ut
406 2309 464 2352 vos
481 2289 593 2375 utpote
608 2293 752 2360 ¹homines
772 2294 907 2369 lateant,
930 2291 1046 2350 iniuste
1062 2293 1173 2367 agunt3
1198 2290 1227 2350 si
1270 2325 1277 2340 ·

118 2404 303 2466 didicissent
326 2405 358 2462 et
378 2419 565 2481 persuasum
589 2403 744 2465 haberent
774 2403 845 2490 ¹fieri
868 2419 929 2462 non
950 2417 1046 2479 posse
1075 2403 1110 2462 ut
1135 2399 1249 2461 deum·

119 2615 192 2664 totos
206 2611 364 2664 rootcodcct
376 2612 457 2672 tatere
467 2613 565 2666 irtirotc
574 2628 656 2680 cyco-
690 2626 783 2665 runos:
801 2613 869 2680 „ilic
883 2610 950 2664 onim
963 2609 1075 2662 Iustinus
1092 2625 1165 2678 quam
1179 2623 1238 2677 po-.

118 2699 159 2746 tes
176 2693 315 2764 (qctortiooi
328 2703 390 2748 ccr‘c
408 2699 494 2750 ccicrtt
507 2683 567 2764 fieri
577 2709 657 2766 poste
690 2697 787 2756 tontior
810 2697 845 2748 sit
867 2697 982 2747 humanis
1002 2695 1100 2759 legibus
1119 2693 1246 2745 'christi'

119 2784 150 2834 cc
170 2797 235 2848 cos,
265 2785 354 2848 utpote
377 2784 422 2850 qni
443 2785 561 2834 dominer
584 2786 656 2850 cruc,
692 2797 739 2834 cns
758 2768 880 2832 'doctrina
900 2779 1057 2832 domonstrat
1083 2779 1130 2829 hoc
1151 2793 1228 2842 argu-

120 2865 238 2931 loteuot,
269 2868 366 2919 intincto
396 2865 492 2936 corant)
518 2870 657 2922 steterit
691 2869 787 2933 mento,
807 2864 957 2932 qnodspom
971 2860 1073 2938 fallendi
1087 2862 1135 2913 ista
1152 2875 1228 2927 prae*

111 2937 207 3002 ¹essert
223 2953 289 3002 cic..
315 2951 419 3004 Parion.
437 2955 546 3008 coniecit
565 2953 612 3007 nni
633 2954 660 3008 sl
691 2951 783 3018 ricini,
802 2950 925 3001 tacuero
942 2947 1094 3013 reiinquant.
1132 2945 1229 3000 Statuit

120 3031 243 3102 ἔμαθόν,
255 3035 374 3101 Syiburg.
389 3037 415 3090 el
425 3033 449 3090 δ’
460 3035 577 3105 ἔμαθον,
590 3040 657 3092 Tha.
691 3034 778 3100 itaquo
790 3031 884 3084 latendi
896 3031 980 3083 studio
990 3031 1016 3081 in
1026 3029 1168 3082 hominihus
1179 3030 1228 3081 im-

119 3122 231 3174 lemnnn.
255 3115 320 3174 εἶδ’
339 3111 391 3174 οὖν
413 3112 530 3190 ἔμαθόν.
562 3124 658 3179 Βηυῃ,
692 3117 779 3186 probis
795 3131 846 3168 non
868 3116 1045 3178 auctoritatem·
1059 3115 1142 3181 legum
1158 3128 1228 3166 com-

120 3210 181 3275 post
205 3201 369 3269 ἀδικοῦντες
387 3209 466 3261 volnt
485 3209 659 3278 interrogandi
693 3201 865 3255 mendacised
887 3198 1059 3254 infirmitatem
1076 3199 1163 3265 argui,
1182 3211 1230 3249 nec
1268 3225 1272 3234 .

51 3329 53 3334 .
121 3292 222 3358 signum
243 3293 303 3359 poni
321 3297 347 3344 et
370 3295 518 3360 particulam
540 3289 656 3347 adversa.
693 3287 776 3353 legum
802 3289 871 3338 metti
893 3301 922 3337 dt
947 3284 1091 3337 reverentia
1119 3283 1230 3336 1111111188

120 3377 200 3428 tivum
226 3373 257 3429 et
275 3381 352 3447 post
346 3379 384 3432 st
388 3379 436 3431 hec
456 3380 547 3436 modo:
565 3379 659 3432 Nerone
695 3363 841 3429 adiecimus
868 3371 956 3438 quaeri
978 3368 1023 3422 sed
1044 3382 1088 3436 spe
1111 3367 1230 3420 facinoris

123 3457 156 3510 ct
181 3459 250 3526 leyen
277 3463 539 3534 ccpomrasavobts
562 3463 659 3515 consu
694 3453 879 3522 abscondendi,
906 3469 968 3522 qnae
990 3455 1012 3507 si
1033 3455 1153 3522 tollatur,
1178 3468 1231 3506 non
1290 3461 1295 3470 ’

122 3547 195 3595 totos
218 3546 299 3600 intere
328 3549 463 3614 stradent'
452 3552 473 3602 11
496 3551 541 3616 qut
563 3551 660 3620 iniuste
693 3540 743 3592 itm
758 3540 859 3594 facinus
874 3538 1074 3592 committetur·⁴‘

124 3631 226 3696 count?
260 3632 386 3685 Homines
409 3632 495 3685 cotem
518 3635 583 3684 etc..
624 3629 661 3682 nt
713 3663 718 3670 ·

124 3729 182 3768 cum
202 3715 305 3768 Rittero
325 3716 486 3785 (Animadrr.
508 3716 534 3768 in
554 3713 660 3782 primam
762 3707 787 3762 4.
807 3708 835 3762 ci
852 3690 1251 3776 ἔμαθόν...καν...ἤσαν]’

125 3800 258 3852 S.1ustini
273 3801 382 3869 Apolog.
401 3818 427 3870 p.
443 3801 489 3868 ts)
506 3806 660 3866 magnopere
695 3795 787 3851 Potest
809 3797 937 3864 posterius
961 3794 1112 3846 commatico
1138 3791 1233 3842 dictum

123 3899 232 3952 vercor,
261 3901 312 3952 „ne
333 3888 395 3944 haec
412 3886 516 3938 mutatio
531 3887 662 3951 signorum
697 3895 753 3932 esse
774 3893 820 3948 pro
839 3878 887 3932 aci
910 3877 1019 3949 (etiam)
1035 3873 1114 3930 ore.
1126 3863 1230 3940 ἄνᾶ-

125 3968 305 4037 significationi
330 3967 365 4026 ori
396 3969 449 4038 γὰρ
480 3970 528 4022 vim
560 3967 661 4034 interut,
697 3979 759 4017 σαν.
787 3959 1233 4026 Sedet.c.1l:·..s1.=rooccdo·

127 4057 238 4123 quaein
260 4055 484 4122 coniectationis,
515 4051 596 4121 qualis
614 4065 662 4104 no·
697 4050 799 4120 eduen,
816 4041 1104 4115 κανήρνουμεθα.-
1070 4044 1233 4096 -Ηῦοιιιι

126 4145 180 4194 stra
201 4145 257 4209 cst,
281 4140 475 4208 interrogationi
495 4137 586 4190 hnud'
579 4150 662 4188 inser·
697 4135 777 4188 tentia
795 4135 827 4186 ct.
847 4132 995 4186 Tertullian
1013 4126 1089 4200 Apol.
1112 4143 1135 4181 c.
1153 4126 1187 4180 tc
1207 4131 1234 4181 et

127 4226 180 4280 rire
194 4221 662 4296 possrt“1ntcllexrtlocum1t1a
697 4218 814 4272 iactant.
833 4216 930 4276 Institt
947 4214 997 4268 div.
1014 4216 1044 4270 V.
1058 4231 1080 4270 c.
1096 4215 1123 4268 8.
