2900 4776
519 259 728 328 motuum
758 261 781 324 1.
1168 269 1212 336 35
1267 292 1272 301 -

99 424 182 487 droa
210 424 405 504 temporibus
431 428 549 495 Tiberii
582 430 730 498 caesaris
758 438 983 515 procuratore,
1022 439 1230 526 crucifixum„

98 551 193 611 quem
208 539 279 601 veri
295 539 347 600 eloi
369 539 466 608 tilium
482 557 554 606 osse
573 543 678 606 edocti
693 561 798 609 sumus
813 549 847 606 et
867 549 1005 610 secundo
1021 549 1093 612 looo
1108 551 1210 614 inube-
1272 582 1275 591 =

96 663 186 725 mus,
221 647 433 725 spiritumque
456 651 676 729 propheticum
701 656 796 718 tertio
820 657 929 718 ordine
952 675 1021 722 oum
1042 661 1167 727 ratium
1190 680 1210 724 a

95 757 191 820 nubis
205 759 274 837 ooli
300 759 590 826 demonstrabimus.
634 763 669 826 lu
689 763 750 826 hoo
772 767 853 830 onim
869 767 1010 830 insaniae
1030 786 1089 830 uos
1104 737 1210 834 'nocu-

96 869 187 946 saut,
221 871 296 946 post
318 870 541 935 immutabilem
563 874 597 934 et
621 875 844 950 sempiternum
873 876 966 939 doum
992 879 1025 938 ot
1045 883 1210 956 parentem

97 979 234 1040 omnium
249 978 366 1043 homini
382 983 529 1046 crucifixo
545 983 678 1047 altorum
696 984 798 1047 locum
814 1001 833 1044 a
848 987 939 1048 nobis
955 988 1133 1051 dictitantes
1149 991 1209 1050 de-
1240 1036 1256 1058 .,

96 1087 189 1166 ferri,
212 1089 394 1166 ignorantes
408 1090 501 1155 huius
515 1093 564 1152 rei
577 1094 771 1172 mysterium,
791 1097 876 1171 quod
890 1098 961 1158 dum
975 1098 1159 1176 exponimur
1174 1103 1209 1160 ut
1224 1143 1239 1168 .

96 1200 221 1264 attente
231 1199 371 1264 audiatis
384 1199 556 1266 hortamur.

121 1329 126 1334 “
186 1327 236 1384 11.
257 1323 480 1388 Denuntiamus
499 1325 580 1385 euim
599 1325 691 1387 vobio
706 1330 877 1392 carendum
892 1347 965 1392 esso
981 1347 1021 1390 ne
1036 1349 1133 1410 supra
1150 1349 1210 1392 ex·

96 1435 213 1512 agitati
234 1435 358 1494 anobis
375 1437 543 1499 daemones
565 1453 625 1495 vos
639 1437 797 1516 decipiant
813 1442 908 1516 atque
924 1441 1017 1500 abiis
1035 1459 1115 1517 quau
1131 1443 1210 1502 dioi-

94 1563 166 1610 mus
177 1546 302 1606 omnino
316 1546 461 1622 legendis
476 1547 508 1605 et
520 1547 734 1623 intelligendis
750 1551 896 1611 avertant
910 1551 1024 1624 (valde
1037 1553 1117 1610 enim
1133 1569 1210 1611 oon-

95 1657 231 1716 toudunt
253 1657 364 1716 utros
388 1673 499 1716 servos
517 1659 550 1716 ot
570 1659 730 1716 ministros
752 1657 907 1735 habeant,
930 1677 967 1719 ac
985 1679 1065 1722 nuno
1086 1662 1210 1737 quidem

95 1782 158 1843 por
178 1743 367 1825 somniorum
384 1767 471 1843 visa,
500 1783 582 1826 nunc
601 1784 661 1844 por
685 1768 821 1844 magicas
844 1770 1035 1846 praestigias
1059 1783 1115 1830 eos
1141 1788 1210 1831 om-

95 1891 155 1934 nes
176 1877 302 1954 capiunt
319 1877 371 1952 qui
390 1877 430 1936 de
447 1893 505 1936 sua
524 1878 627 1941 sainte
648 1878 727 1938 nihil
747 1878 928 1956 laborant),
954 1881 1210 1954 quemadmodum

95 1985 194 2045 etiam
215 2002 289 2063 noa,
317 1988 483 2063 postquam
498 1987 574 2064 logo
595 1989 800 2066 credidimus,
822 1988 862 2048 ab
876 1989 947 2048 istis
964 1991 1087 2065 quidem
1101 1991 1210 2070 'desoiff

94 2097 216 2172 vimus,
244 2097 345 2155 solum
364 2113 442 2156 vero
459 2097 629 2174 ingenitum
650 2099 741 2158 deum
761 2116 820 2175 per
836 2099 933 2158 filium
953 2101 1127 2176 sequimur:
1157 2102 1211 2177 qui

97 2207 175 2295 olim
198 2192 571 2284 stupris‘gaudebamuS‚
598 2223 678 2267 nuno
698 2209 910 2270 castimoniam
931 2211 1022 2270 unice
1045 2207 1210 2287 amplecti-

95 2333 182 2392 rnur3
209 2317 261 2393 qui
282 2317 412 2394 magicis
435 2317 530 2376 otiam
554 2317 676 2378 artibus
697 2315 877 2397 utebamur,
909 2319 993 2379 bono
1016 2321 1048 2380 et
1068 2319 1210 2396 ingenito

97 2524 218 2579 Ritterus
239 2523 402 2590 (uniemur.
426 2525 453 2578 in
477 2525 583 2592 primam
608 2525 637 2580 S.
672 2525 905 2582 licheuWesons.“
939 2526 1005 2580 Dici.
1029 2541 1051 2578 e.
1069 2526 1113 2580 Tr.
1138 2541 1160 2580 e.
1174 2525 1210 2580 ta

97 2609 190 2662 Iustiui
212 2610 248 2664 M.
264 2609 374 2678 Apulog.
390 2626 416 2678 p.
432 2610 477 2678 14)
501 2614 572 2666 rotie
593 2611 637 2678 ait,
671 2608 759 2682 μόνος
776 2607 926 2680 &perraros
947 2611 995 2665 uui
1018 2607 1169 2680 ἄφθαρτος
1191 2607 1207 2666 ὁ

97 2695 180 2751 formu
196 2695 285 2747 aoristi
306 2697 340 2751 Il.
358 2696 428 2748 s'erhi
448 2695 561 2762 συνίημι
581 2713 637 2748 mu·
672 2692 740 2758 θεός
763 2695 813 2750 καὶ
838 2693 887 2750 διά
916 2698 1002 2751 τοῦτο
1030 2694 1099 2758 θεός
1125 2694 1207 2750 ἐστιν.

96 2779 175 2832 tunde
191 2781 225 2832 sit
236 2795 292 2832 eum
305 2781 433 2847 praesenti
443 2785 568 2848 tempore,
587 2797 638 2834 non
672 2781 748 2850 Apol.
765 2783 799 2834 ΙΙ.
824 2797 860 2834 ec.
877 2781 902 2833 6.
920 2783 960 2833 tt.
975 2781 1016 2834 18.
1051 2782 1089 2834 cf.
1104 2783 1207 2836 laum-

96 2865 280 2930 iutelligimus‚
318 2865 433 2932 inprimis
467 2867 638 2934 praecedente
672 2866 898 2933 garten-(trusus
914 2866 1054 2932 Comperit.
1072 2868 1207 2925 (11111111,

97 2949 194 3002 norisio
212 2946 344 3017 ἐντυχεῖν.
671 2951 876 3018 Dopmeuporeh.
894 2949 965 3004 Tem.
978 2949 1010 3002 ti.
1029 2951 1069 3006 od.
1087 2951 1165 3006 Huse.
1180 2966 1206 3020 p.

167 3075 194 3128 2.
215 3069 248 3130 ὃν
273 3071 391 3144 τρόπον]
413 3077 483 3130 Haec
504 3080 637 3134 referenda
673 3035 733 3086 ω’

97 3167 159 3216 sunt
183 3162 214 3215 ad
233 3163 373 3215 cautionem
394 3161 513 3215 adr'orsus
534 3163 637 3216 daemo-
739 3159 766 3214 4.
785 3159 812 3214 oi
825 3157 912 3213 πάλαι
926 3161 987 3229 ete]
1001 3161 1055 3213 Hoc
1071 3177 1206 3228 argumen-

97 3263 158 3300 uum
174 3247 288 3300 insidias.
314 3247 436 3299 Eihnicos
453 3254 539 3301 monet
554 3250 633 3302 Justi-
671 3251 743 3314 tum,
769 3262 801 3299 ex
818 3245 923 3298 mirifica
947 3247 984 3298 rei
1007 3247 1158 3300 christianae
1183 3249 1208 3302 ui

98 3349 148 3384 nus
164 3336 193 3383 ut
207 3335 310 3384 caueant
331 3347 362 3384 nc
376 3331 534 3402 decipiantur
548 3348 561 3384 a
576 3331 636 3385 dae·
671 3331 698 3384 in
714 3332 841 3384 hominum
865 3331 961 3384 arrimos
980 3331 1103 3398 petitum,
1122 3331 1153 3384 ad
1169 3333 1209 3385 tii·

97 3417 215 3470 monibus
232 3421 258 3470 et
273 3431 285 3466 a
302 3417 438 3469 christiana
454 3418 577 3484 religione
591 3419 636 3470 ab·
671 3418 753 3469 tinam
767 3415 834 3467 illius
847 3416 969 3480 originem
986 3415 1139 3481 probandam
1153 3435 1208 3472 mu·

97 3503 238 3554 ducantur:
254 3505 307 3554 turn
318 3502 352 3552 ait
364 3501 521 3554 Christianos
531 3501 637 3554 adhunc
672 3502 739 3556 ximo
754 3499 871 3552 idoneum
886 3503 949 3550 erat.
978 3501 1017 3552 Oi.
1037 3501 1150 3568 insignes
1167 3505 1207 3556 io-

97 3585 217 3652 modum‚
235 3585 262 3638 id
286 3589 325 3638 ost
340 3583 397 3638 dum
417 3585 519 3638 fraudes
534 3585 637 3638 dromo·
672 3601 715 3638 cos
729 3585 810 3653 Epist.
828 3583 858 3636 ad
872 3583 964 3650 Diogn.
987 3601 1010 3638 o.
1025 3586 1041 3637 5
1055 3602 1094 3654 sq.
1112 3591 1138 3640 ct
1154 3589 1206 3642 La-

96 3687 158 3724 uum
169 3671 328 3740 perspiciunt
337 3675 363 3723 et
378 3671 530 3723 christianae
541 3669 637 3722 doctri·
671 3673 748 3721 stant.
759 3669 864 3721 unsrun
884 3668 934 3721 div.
953 3671 1001 3723 111.
1017 3687 1038 3723 c.
1055 3672 1097 3724 26.
1132 3672 1206 3726 Alios

96 3771 146 3810 uae
163 3757 354 3822 assentiuntur,
375 3755 567 3809 adnamouibus
584 3753 636 3806 dis·
670 3755 810 3822 permultos
831 3753 940 3806 laudavit
963 3753 1088 3808 Semisch.
1111 3757 1128 3808 l.
1143 3773 1164 3810 o.
1179 3773 1206 3824 p.

96 3841 218 3894 cessisse.
244 3840 383 3894 Marones.
590 3845 592 3849 '
674 3838 719 3890 191
743 3853 816 3907 sqq.‚
850 3839 907 3891 coli.
932 3837 1051 3890 Neunder
1067 3839 1135 3906 Ailp.
1155 3842 1206 3893 Ge-

166 3965 193 4035 3„
210 3967 249 4036 τῷ
267 3962 422 4040 erenricus]
445 3966 635 4022 8111111111-

95 4055 152 4106 stio
167 4055 192 4106 tl.
207 4055 322 4127 Mittor.
343 4056 374 4108 P.
385 4056 418 4108 11.
437 4068 462 4121 p.
473 4051 534 4106 ott.
560 4069 586 4106 a.
605 4053 635 4107 lt

72 4159 73 4164 ¹
96 4138 172 4206 „Der
186 4139 253 4192 Titel
273 4137 424 4209 ἅγέννηεος
443 4141 479 4194 ist
495 4139 536 4192 bei
551 4138 637 4192 Justiu
740 4133 765 4188 6.
787 4129 897 4206 ἀγαθῷ]
927 4134 1056 4188 Fortassis
1078 4136 1144 4190 ruia
1168 4137 1210 4206 (nr

95 4225 148 4280 fust
169 4225 294 4282 stelionis
308 4227 489 4292 Bezeioimunp
503 4221 548 4278 der
566 4225 636 4292 pritt-
672 4225 747 4280 rutra
757 4225 784 4278 et
798 4221 930 4290 deinceps)
943 4219 1148 4292 praeponendum
1160 4227 1209 4280 esu

993 4318 1044 4376 3*

672 4007 742 4061 Soet.
756 4009 778 4062 1.
797 4009 867 4061 Tom.
885 4010 908 4059 1.
924 4021 948 4075 p.
966 4007 1017 4058 428
1027 4023 1100 4078 sqq..

587 3941 589 3947 ⁴
670 3925 784 3978 sciretne
798 3925 824 3976 o.
838 3923 958 3977 cinitot.
970 3939 997 3974 u.
1014 3923 1111 3976 Kircire
1123 3923 1163 3978 ed.
1180 3925 1205 3979 Ξ.
1268 3953 1269 3956 ¹
