2900 4776
552 231 760 298 nronocm
791 233 815 295 1.
1122 182 1125 192 ¹
1178 179 1240 310 poe

119 421 194 466 eum
221 401 349 464 inerunt
372 403 538 466 crucifixus
558 405 712 466 laetitiam
735 407 881 483 gentibus
904 409 1027 488 attulit,
1056 410 1113 472 sed
1137 425 1239 489 neque

33 507 35 518 “
118 532 234 576 eorum
253 515 306 591 qni
321 516 396 592 post
411 531 479 576 eum
496 514 633 575 fuerunt.
655 515 772 576 Noster
787 519 891 580 autem
906 517 994 580 lesus
1004 519 1149 582 Christus
1164 539 1239 582 cru-

118 626 237 686 cifixus
254 643 291 686 ac
309 628 449 686 mortuus
466 627 660 704 resurrexit,
684 630 715 686 ot
729 629 875 706 regnavit
892 646 1042 690 reversus
1056 632 1087 690 in
1105 632 1237 710 coelum,

119 740 220 813 atque
236 737 331 796 exiis
348 754 428 812 quae
445 737 512 798 eius
528 737 651 796 nomine
670 754 728 814 per
742 739 905 814 apostolos
922 740 954 798 in
972 741 1113 802 omnibns
1129 745 1236 820 genti·
1259 771 1262 777 ·

117 848 182 908 bns
200 847 399 924 promulgata
418 850 490 906 sunt
506 847 630 908 laetitia
645 850 694 908 est
709 864 817 910 eorum
839 850 891 925 qui
907 850 1117 912 adnuntiatam
1138 852 1178 913 ab
1196 869 1235 914 eo

117 957 389 1034 incorruptionem
404 959 598 1034 exspectant.

208 1070 260 1128 43.
282 1065 329 1126 Ne
346 1069 448 1126 antem
463 1067 561 1142 aliqui
576 1084 616 1126 ex
632 1067 672 1128 iis
686 1085 766 1144 qnae
783 1069 982 1146 exposuimus
999 1072 1159 1132 autument
1176 1088 1234 1134 nos

117 1179 230 1238 dicere
247 1177 306 1236 fati
323 1177 513 1236 necessitate
529 1177 599 1235 fieri
614 1195 694 1253 quae
711 1179 795 1255 fiant,
819 1194 911 1238 exeo
927 1181 1012 1254 qnod
1028 1183 1235 1260 praecognita

118 1305 197 1348 esse
219 1288 406 1364 dixerimus,
427 1287 460 1346 id
485 1303 608 1362 quoqne
629 1287 840 1349 dissolvimus.
884 1268 1007 1348 Poenas
1025 1293 1058 1349 et
1077 1291 1234 1368 supplicia

117 1401 155 1458 et
180 1399 280 1458 boues
300 1399 567 1458 remunerationes
589 1398 784 1475 promeritis
809 1398 958 1474 cuiusque
975 1401 1131 1460 actionum
1147 1402 1233 1462 irro-

117 1510 193 1586 gari
208 1525 300 1583 quum
314 1496 336 1566 a
347 1508 513 1586 prophetis
527 1508 632 1582 edocti
645 1508 751 1584 simuS,
773 1508 867 1568 etiam
886 1525 994 1568 verum
1020 1510 1053 1568 id
1066 1526 1138 1570 esse
1154 1527 1232 1570 con-

118 1619 287 1678 firmamus.
331 1616 409 1676 Nam
428 1619 455 1678 si
477 1636 530 1678 res
551 1619 596 1678 ita
619 1634 654 1676 se
677 1616 868 1694 nonhabet,
892 1619 949 1681 sed
966 1619 1025 1678 fati
1040 1619 1231 1681 necessitate

120 1727 225 1788 omnia
240 1727 332 1804 dunt,
352 1727 457 1787 nullus
473 1729 534 1788 iam
549 1728 651 1788 libero
668 1727 800 1788 arbitrio
820 1729 870 1786 est
887 1728 985 1788 loeus.
1016 1727 1050 1786 Si
1066 1729 1146 1786 enim
1162 1726 1230 1787 fato

120 1839 282 1898 decretum
308 1837 359 1896 est
381 1838 475 1912 alium
498 1853 569 1898 esse
591 1839 706 1900 bonum
728 1839 760 1898 et
780 1838 874 1897 aliurn
897 1839 1027 1915 malum,
1053 1854 1153 1913 neque
1171 1837 1229 1898 ille

118 1948 215 2008 lande
238 1948 350 2023 dignus
374 1949 424 2006 est
443 1963 543 2022 neque
566 1947 617 2007 hio
637 1948 873 2025 vituperandus.
901 1947 948 2008 Ao
962 1965 1073 2006 rursus
1089 1947 1150 2006 nisi
1167 1946 1228 2006 hn-

118 2073 241 2116 manum
267 2072 366 2133 genus
385 2055 568 2116 facultatem
587 2053 684 2118 haliet
701 2059 803 2118 libera
823 2058 916 2118 animi
933 2058 1110 2118 inductione
1127 2058 1160 2115 et
1174 2055 1229 2117 su-

117 2166 226 2244 giendi
247 2166 352 2242 turpia
369 2168 401 2224 et
423 2165 557 2226 honesta
581 2168 737 2245 sectandi,
757 2170 849 2228 extra
870 2169 994 2228 noxiam
1010 2170 1060 2226 est
1078 2166 1229 2243 quidquid

118 2277 232 2353 egerit.
277 2277 341 2338 Sed
357 2275 458 2338 libera
482 2277 576 2336 animi
598 2277 784 2337 inductione·
792 2278 940 2338 illud-vel
958 2278 1039 2336 bene
1062 2293 1159 2354 agere
1174 2276 1229 2336 vel

117 2387 211 2464 male,
230 2386 276 2446 sie
293 2386 550 2448 demonstramus.
573 2385 733 2448 Hominem
749 2389 887 2448 eumdem
902 2388 933 2446 in
947 2387 1106 2447 contraria
1120 2389 1228 2446 trans-

117 2497 165 2556 ire
187 2497 338 2556 videmus.
375 2497 493 2566 Quodsi
512 2497 579 2558 fato
597 2499 758 2559 decretum
773 2499 861 2558 esset
874 2513 943 2556 enm
956 2497 1010 2556 vel
1024 2497 1138 2558 bonnm
1154 2511 1227 2556 esse

115 2606 172 2666 vel
186 2607 318 2684 malum,
342 2622 403 2666 non
419 2623 494 2666 sane
512 2609 739 2668 contrariorum
753 2625 854 2685 capax
873 2607 1030 2666 essetnec
1044 2607 1107 2665 tanr
1129 2620 1227 2682 saepo

114 2718 307 2791 mutaretur,
326 2717 384 2776 sed
399 2733 438 2776 ne
458 2717 512 2776 elii
524 2719 647 2793 quidem
660 2718 734 2777 boni
748 2718 871 2793 essent,
896 2716 951 2775 alii
964 2715 1054 2774 mali:
1078 2715 1131 2775 vel
1145 2714 1227 2776 enim
1292 2785 1294 2790 .

14 2871 21 2898 ,
115 2827 215 2886 fatum
232 2825 385 2886 malornm
397 2842 522 2886 cansam
535 2843 607 2886 esse
618 2843 656 2886 ec
668 2827 828 2886 contraria
845 2825 983 2902 sibiipsi
999 2823 1106 2882 facere
1122 2824 1225 2884 statu-

115 2954 251 3013 eremus,
272 2937 327 2996 vel
342 2936 422 2996 illud
433 2937 472 2996 de
488 2953 549 3012 quo
565 2953 663 3014 supra
675 2937 810 2998 diximus
822 2951 931 2996 verum
945 2934 1037 2994 nobis
1052 2933 1225 3010 videretur,

116 3048 241 3108 scilieet
257 3045 335 3109 nihil
351 3062 423 3106 esse
438 3047 586 3107 virtutem
601 3048 656 3106 ant
668 3046 787 3122 vitium,
809 3045 867 3104 sed
882 3044 1028 3120 opinione
1042 3044 1160 3102 tantum
1171 3043 1225 3104 vol

113 3157 199 3218 bona
217 3157 272 3216 vel
289 3156 372 3217 mele
387 3155 569 3216 diiudicari:
590 3172 671 3232 quae
683 3154 838 3231 prolecto,
856 3153 888 3212 'nt
901 3167 980 3210 vera
994 3151 1077 3211 ratio
1093 3153 1224 3218 demon-

116 3268 215 3344 strat,
235 3267 368 3330 maxima
387 3266 532 3344 impietas
549 3268 581 3326 et
598 3265 751 3328 iniustitia
766 3265 826 3324 est.
848 3262 892 3323 At
909 3261 1007 3322 fetum
1022 3260 1223 3328 ineluctabile

184 3433 211 3488 8.
236 3428 484 3500 ἅποφαινοίμεθα]
507 3431 652 3502 Optativum
757 3429 798 3484 10.
816 3421 879 3481 'Ait'
900 3425 1067 3497 εἱμαρμένην
1088 3432 1151 3493 eto]
1177 3428 1221 3483 si-

114 3517 291 3586 reponendum
306 3516 650 3586 esse(Syllrurg.)prornlg.
686 3515 781 3567 militer
801 3514 928 3582 (lieren.)
953 3515 1070 3568 Clemens
1091 3515 1167 3568 Alex.
1189 3513 1221 3567 do

114 3599 341 3670 ἀποφαινόμεθα
368 3602 407 3654 vel
432 3617 542 3670 sequens
569 3599 652 3668 δόξαι
685 3597 808 3652 bonorum
824 3602 851 3651 et
863 3600 984 3653 malornm
994 3599 1114 3668 praemiis
1123 3597 1219 3650 Strom.

113 3692 210 3742 monet.
239 3688 400 3755 Quapropter
417 3686 528 3754 reposui.
686 3683 742 3736 vll.
755 3698 777 3736 c.
788 3681 814 3736 4.
831 3683 858 3750 §.
869 3683 918 3736 20:
935 3677 1012 3752 Αὕτη
1024 3676 1111 3748 πουὴ
1127 3677 1219 3746 rideri·

182 3773 209 3827 9.
232 3768 264 3825 εδ
284 3765 499 3836 προειρημένον]
519 3769 548 3823 C.
564 3767 606 3823 28.
625 3785 666 3838 ph
686 3783 765 3822 οτεια
788 3762 855 3822 καθ’
878 3761 912 3838 ἣν
928 3761 1220 3832 consenescentem

114 3855 158 3910 71.
180 3855 209 3910 C.
225 3885 261 3896 -
277 3850 575 3910 ndiludodor'vtam
590 3851 650 3919 eier-
687 3848 737 3907 πόν
751 3849 831 3908 θεόν.
867 3855 951 3907 Etiam
965 3852 1099 3906 Hierocles
1113 3851 1140 3902 in
1152 3851 1218 3905 libro

114 3937 150 4008 πη
166 3941 197 3995 ci.
213 3941 350 4006 Origenem
367 3937 398 3990 de
411 3939 493 4006 princ.
509 3941 531 3996 1.
544 3958 566 3995 c.
580 3940 606 3996 ⁵.
623 3943 649 4009 §-
686 3937 718 3992 de
733 3937 895 3992 Providentia
909 3941 935 3990 et
945 3936 1009 3989 Fato
1022 3934 1087 4004 apud
1100 3935 1217 3988 Photium

113 4023 214 4078 Sele.
231 4021 445 4078 cclxix-no:
477 4017 653 4092 Ἀηετῆςμὲν
686 4022 741 4075 rod.
764 4019 816 4073 214
840 4019 905 4073 dixit
925 4017 977 4092 τήν
999 4016 1051 4088 μὲν
1080 4020 1155 4098 τοίγε
1183 4020 1217 4089 τῇ

113 4105 164 4164 ἐὰν
184 4104 295 4179 deripi&
312 4102 345 4163 τὸ
374 4101 502 4164 ἑκούσιον
509 4149 521 4176 ,
544 4106 651 4174 ἀνεῖλες
685 4107 807 4179 προνοίᾳ
821 4102 1010 4174 συνεπομένην
1027 4101 1108 4176 δίκην
1122 4103 1220 4176 εὶμαρε,

114 4189 331 4264 &operatorio
346 4187 479 4248 οὐσίαν·
683 4189 771 4262 μένην
786 4191 941 4247 καλεῖσθαι.
1011 4259 1014 4264 ¹
