2914 4774
218 257 241 303 x

220 421 323 515 sophi
343 423 505 490 intereos
527 419 636 488 habiti
652 426 748 504 sunt,
774 437 919 506 quorum
941 415 1106 507 princeps
1122 423 1157 482 et
1173 423 1334 508 ternpore
1437 455 1438 478 r

220 558 256 616 et
273 547 464 616 eruditione
480 545 626 614 lustinus
643 543 704 610 ille
721 543 864 630 exstitit,
889 543 978 610 inter
994 541 1083 609 fidos
1103 551 1196 610 certe
1216 543 1334 609 eccle-

220 675 289 740 siae
313 657 468 740 alumnos
495 671 726 762 (orthodoxos
760 667 911 756 dicunt),
936 665 1219 760 philosophicum
1235 667 1260 734 ii
1274 667 1334 734 di·
1437 669 1438 680 ’

220 799 410 891 sciplinem,
436 821 538 888 quam
556 796 788 888 accepissent,
812 815 902 864 nove
923 792 1033 860 forme
1050 791 1197 861 induere
1216 793 1333 860 conati

220 933 297 992 sunt
314 931 349 991 et
364 923 495 991 recenti
515 921 698 990 admovere
715 927 938 1011 argumento:
962 915 1149 1006 quodcum
1165 919 1332 994 continuo

220 1047 334 1118 studio
356 1048 445 1145 inter
465 1048 657 1115 seculorum
677 1046 858 1113 decursum
879 1025 1022 1136 egerent
1038 1043 1074 1110 in
1093 1043 1257 1131 ecclesia,
1277 1046 1334 1113 ef-

220 1175 349 1242 fectum
366 1181 417 1240 est
435 1182 472 1240 ut
495 1173 742 1272 philosophica
766 1163 908 1250 διαδοχή
927 1178 1117 1237 servaretur
1132 1169 1168 1236 in
1190 1180 1332 1262 tempo-

220 1313 298 1360 rum
327 1289 459 1357 inscitia
491 1299 526 1357 et
558 1312 647 1358 nova
678 1310 775 1356 mens
803 1273 1047 1354 informaretur¹
1076 1289 1331 1376 quaestionibus
1438 1348 1439 1356 ,

219 1415 483 1508 philosophicis.
538 1415 643 1484 Unde
667 1413 922 1520 exoptatissima
942 1435 1054 1504 nuper
1075 1415 1201 1481 exstitit
1223 1437 1333 1506 opera

219 1541 365 1610 Henrici
377 1541 524 1628 Ritteri,
551 1541 859 1633 ecclesiasticorum
875 1539 976 1608 etiarn
995 1540 1200 1631 scriptorum
1218 1540 1331 1608 histo-

219 1669 271 1736 ria
294 1667 502 1760 pereruditi,
538 1668 596 1756 qui
623 1669 798 1736 luculento
823 1687 932 1758 opere
959 1665 1154 1734 describere
1175 1666 1329 1751 instituit,

219 1816 322 1883 quern
334 1793 389 1862 illi
407 1794 498 1866 bene
512 1793 549 1860 in
562 1793 718 1862 colendis
737 1793 842 1862 literis
861 1791 1116 1884 philosophicis
1134 1793 1329 1860 meruerint

321 1919 394 1988 Sed
412 1919 535 2008 quibus
557 1919 655 1988 mulis
670 1919 741 1988 hoc
765 1920 954 1990 studiorum
971 1941 1080 2010 genus
1099 1919 1330 2010 opprimatur,

219 2045 438 2136 exploratum
467 2043 671 2112 arbitremur
697 2047 878 2132 omnibus,
912 2045 975 2114 bns
1003 2045 1063 2134 qui
1093 2067 1148 2114 res
1179 2045 1331 2135 penitius

219 2177 445 2240 curaverunt*
487 2169 592 2256 Nem,
618 2179 657 2238 ut
681 2171 846 2240 ecclesiae
869 2180 985 2263 putres
1010 2191 1329 2254 commemoremus,

218 2296 290 2366 diui
303 2295 359 2366 vix
373 2302 506 2387 potest,
532 2319 633 2386 quom
655 2297 979 2390 negligenterolim
1002 2297 1138 2388 egerint
1154 2297 1190 2364 in
1210 2296 1330 2364 critico

218 2421 383 2514 negotio,
405 2421 545 2490 illorum
572 2423 630 2511 qui
656 2423 782 2515 scripto
799 2421 959 2508 edidere,
972 2424 1046 2521 'viri
1070 2423 1214 2514 egregie
1235 2432 1331 2490 cete-

217 2567 295 2616 rum
314 2547 410 2616 docti
427 2569 646 2637 summaeque
660 2549 696 2616 in
710 2549 816 2617 literis
835 2558 938 2639 utque
956 2550 991 2618 in
1015 2549 1160 2618 ecclesie
1179 2548 1332 2616 auctori·

217 2674 316 2743 tetis:
339 2696 466 2764 nempe
482 2696 569 2762 quos
586 2674 750 2744 deiiceret
767 2685 903 2746 nostroe
926 2677 1043 2746 scietis
1066 2669 1194 2767 peritia¹
1209 2683 1244 2743 et
1262 2675 1331 2742 cri·-

217 2800 286 2870 tito
304 2806 339 2868 et
366 2801 607 2891 grammatica,
631 2811 667 2870 et
694 2802 753 2890 qui
774 2811 906 2872 tuntum
928 2802 1114 2900 nonffunice
1135 2800 1257 2868 intenti
1272 2823 1329 2868 es-

218 2925 353 2996 sentin
377 2925 615 3018 theologicam
638 2950 790 3021 opernm.
842 2928 1101 3026 Atuplurimum
1124 2927 1192 2994 iarn
1214 2916 1249 2992 in
1273 2926 1330 2996 his

217 3051 325 3122 hodie
349 3051 510 3122 effectum
528 3055 683 3123 novimus
702 3063 736 3122 et
757 3054 956 3122 nostratium
975 3075 1044 3146 ope
1059 3063 1097 3120 ct
1120 3062 1328 3137 exterorum,

218 3177 371 3244 virorum
390 3178 491 3246 etiem
513 3179 548 3248 iu
564 3179 782 3268 philologius
799 3177 982 3270 discipline
1002 3178 1282 3260 clarissimorum,
1308 3201 1329 3244 e

220 3301 343 3390 quibus
370 3302 403 3398 ¹l.
432 3302 474 3369 F.
505 3301 767 3372 Boissonedium
800 3304 942 3374 honoris
973 3328 1074 3374 cause
1104 3304 1327 3372 nominemus.

220 3427 355 3510 Quodsi
369 3425 530 3500 effectum
548 3429 630 3498 oiim
648 3428 768 3515 fuerit,
794 3429 888 3518 qnod
903 3429 1033 3498 dudum
1052 3429 1158 3518 aliqui
1174 3425 1327 3495 meditati

220 3562 318 3640 sunt,
352 3561 391 3622 ut
415 3574 504 3642 quse
533 3553 686 3625 historici
715 3556 908 3647 argumenti
930 3565 1065 3624 exstent
1087 3555 1124 3622 in
1146 3553 1327 3622 celebretis

219 3688 355 3772 patrum
374 3680 600 3767 editionibus,
622 3705 704 3770 ques
727 3682 882 3773 superius
904 3701 1026 3753 aevum
1041 3681 1141 3765 tulit,
1169 3679 1326 3771 peculiu-

219 3807 314 3876 ribus
330 3806 463 3898 scriptis
487 3807 842 3899 comprehendentur,
864 3807 957 3876 fecto
979 3816 1096 3876 tumen
1123 3804 1261 3876 delectu
1292 3813 1327 3872 et

221 3933 487 4024 circumspecte,
512 3933 573 4002 sed
589 3934 664 4024 ipse
680 3943 817 4024 potrum
833 3933 961 4025 scripte
978 3942 1173 4002 nostrorum
1188 3941 1327 4024 ternpo-

220 4077 295 4126 rnm
322 4057 485 4128 modoet
509 4068 580 4126 erte
609 4069 866 4146 recenseantur,
892 4059 1109 4128 librariorum
1124 4066 1237 4126 nutem
1260 4078 1326 4125 no-

133 4276 143 4297 Ι
221 4193 367 4250 suorum
381 4183 691 4256 unimiedconsilie
704 4185 767 4254 istu
780 4183 1326 4258 honestissimscommovenntur:
