2910 4774
582 293 801 357 APPENDIX.
1175 295 1241 362 209

129 465 256 523 vestras
279 463 485 542 comparetis:
516 466 661 541 quoniam
686 467 734 526 illi
760 465 943 530 fidentiores
969 473 1042 532 suot
1065 485 1156 547 quam
1181 487 1240 532 vos

128 575 215 650 apud
238 574 338 633 deum.
381 572 430 633 Ao
453 589 511 634 vos
537 577 661 650 quidem
683 593 742 654 pon·
766 577 846 638 illud
866 581 989 657 tempus
1017 580 1095 640 deos
1117 583 1241 642 nescire

128 684 296 760 videmini,
323 684 356 742 et
380 683 499 760 templa
522 685 702 762 negligitis,
723 703 782 746 noe
803 687 855 746 dei
871 689 996 748 oolendi
1014 690 1168 752 rationem
1181 681 1269 752 uo-'

129 794 199 854 stis.
242 794 329 853 Unde
356 796 389 853 et
414 794 479 852 illis
505 795 558 870 qui
579 812 648 854 eum
669 796 776 872 uolunt
796 796 963 875 invidetis,
993 801 1026 863 ut
1045 800 1086 860 ud
1109 803 1242 861 mortem

129 919 230 978 usque
245 919 300 962 eos
316 903 520 962 insectamini.
564 903 611 963 De
628 905 781 964 eiusmodi
796 905 972 967 homiuibus
988 893 1083 968 etiem
1098 911 1154 969 elii
1170 912 1242 986 qui·

63 997 71 1008 ¹
131 1014 202 1073 dam
225 1013 457 1090 provinciarum
478 1015 621 1073 rectores
638 1015 831 1076 divinissimo
845 1033 915 1076 meo
931 1018 1016 1095 patri
1030 1015 1241 1096 seripserunt}
1265 1031 1268 1038 ’

131 1121 244 1198 quibus
270 1123 327 1181 ille
354 1121 521 1199 rescripsit
550 1123 629 1183 nihil
651 1127 770 1202 nogotii
795 1127 1004 1188 exhibendum
1028 1145 1100 1190 esse
1124 1131 1242 1190 talibus

130 1231 324 1308 hominibus,
349 1231 416 1290 'nisi
441 1232 515 1308 quid
539 1233 692 1294 adversus
715 1237 878 1314 imperium
905 1238 1113 1300 Romanorum
1138 1241 1241 1300 moliri

132 1329 417 1421 depreheirdadtur.
463 1341 541 1410 Quin
560 1345 713 1406 etiamad
736 1364 785 1406 me
802 1347 892 1408 multi
911 1348 949 1407 de
968 1348 1032 1407 illis
1048 1349 1242 1425 retulerunt3

132 1453 244 1529 quibus
269 1467 329 1529 ego
350 1451 516 1530 respondi,
537 1455 639 1530 patris
657 1446 919 1517 mei'sententiam
941 1460 1077 1518 secutus.
1121 1458 1244 1535 Siquis

132 1564 237 1624 autem
258 1562 412 1621 actionem
434 1563 589 1623 adversus
611 1564 746 1640 aliquem
771 1567 899 1626 illorum
920 1567 955 1626 ut
974 1567 1070 1626 talem
1089 1567 1243 1644 instituat,

132 1673 257 1732 delatus
280 1671 408 1731 erimine
429 1671 632 1751 absolvatur,
660 1674 783 1734 etiamsi
805 1674 861 1736 ille
882 1675 955 1736 talis
978 1685 1050 1736 esso
1066 1665 1241 1755 'appareutz

133 1783 259 1844 delator
276 1783 379 1844 nutem
392 1781 508 1843 iudicio
526 1798 646 1860 poenas
660 1785 786 1861 pendet.

571 2035 812 2049 ------.-.-...

269 2368 395 2439 Marci
410 2349 647 2463 imperatoris¹
657 2371 824 2464 Epistola
845 2373 897 2442 ad
919 2371 1104 2458 Senatum,

198 2510 273 2580 quo
285 2495 439 2558 testatur
458 2488 683 2560 Christianos
700 2491 871 2561 victoriae
887 2489 1176 2584 oausamsuisse.

219 2653 395 2733 Imperator
417 2656 536 2718 Caesar
556 2658 680 2720 Merous
696 2657 846 2721 Aurelius
865 2656 1057 2734 Antoninus,
1078 2655 1242 2716 Germani-

134 2780 209 2842 ous,
230 2764 413 2845 Parthicus,
435 2767 641 2842 Sarmatious,
664 2769 783 2847 populo
802 2768 940 2826 Romano
958 2767 990 2824 et
1005 2781 1097 2824 sauro
1113 2763 1243 2825 Senatui

134 2875 278 2936 salutem.
323 2874 484 2938 Certiores
500 2894 560 2940 vos
575 2877 638 2940 feei
652 2879 691 2940 de
707 2877 830 2939 consilii
843 2875 904 2936 mei
919 2874 1140 2953 magnitudine,
1161 2889 1243 2951 qua·

134 3080 219 3134 tisana
238 3095 264 3150 p.
279 3080 364 3152 288),
381 3087 411 3136 ul
432 3081 488 3153 ipse
511 3083 609 3138 scilicet
623 3082 673 3138 im·
705 3085 858 3152 illationes,
880 3084 970 3152 quibus
987 3081 1090 3136 criticus
1107 3080 1243 3150 primarius

135 3166 263 3233 potatoris
286 3183 378 3234 manu,
403 3184 477 3238 quum
501 3173 591 3236 vocal,
625 3183 673 3222 nos
708 3169 830 3236 epistolae
843 3164 999 3223 αὐθεντίαν
1014 3165 1193 3235 impugnaret‘
1209 3166 1241 3234 (l.

134 3251 242 3318 bearet,
276 3251 319 3319 qui
344 3268 407 3306 sane
433 3267 484 3306 non
512 3252 560 3305 elia
587 3252 674 3319 lingua
708 3266 730 3305 o.
744 3251 908 3322 p.245sq.).
932 3249 1057 3321 Equidem
1069 3251 1186 3304 Rocchee
1201 3251 1242 3304 in·

138 3350 213 3403 quem
231 3348 335 3388 romane
356 3335 387 3388 ed
404 3342 520 3391 senelum
541 3351 673 3390 romonum
707 3337 934 3404 terprelelionem,
959 3335 1034 3388 nimis
1048 3351 1062 3387 a
1076 3349 1168 3401 graeco
1183 3339 1243 3390 tex-

135 3419 271 3473 soribebat.
298 3419 415 3474 llocohae
430 3423 606 3476 auctoritatem
622 3436 673 3474 non
707 3422 736 3470 lu
764 3419 942 3488 recedentem,
977 3433 1030 3473 uou
1055 3417 1156 3486 repelli.
1202 3418 1241 3474 Gi.

135 3505 242 3554 tuentur
262 3505 373 3571 caeteri,
393 3506 436 3574 qui
462 3503 574 3558 eumdem
590 3505 673 3558 versi·
708 3503 784 3557 elium
800 3503 918 3558 Gieseler
929 3503 948 3558 l.
964 3519 986 3558 ο.
999 3506 1026 3573 1).
1042 3500 1101 3558 176.
1115 3517 1142 3558 u.
1158 3503 1199 3560 10.

137 3581 217 3640 onesi*
226 3587 395 3654 repetierunt.
431 3588 497 3641 Nam
517 3588 608 3643 latiur
631 3591 674 3644 ille

136 3671 267 3724 recentius
283 3685 356 3738 esse,
383 3675 443 3740 post
464 3672 588 3740 Scaligeri
611 3673 673 3728 adeo
777 3674 804 3728 2.
822 3671 858 3728 vei
876 3675 929 3730 τοῦ
948 3669 1019 3742 ἐμοῦ
1034 3672 1144 3727 σκοποῦ
1162 3670 1244 3742 μεγέ-

137 3758 264 3823 aetutem,
282 3753 407 3824 conficte,
431 3771 464 3809 no
478 3757 496 3810 ii
510 3757 610 3825 quidem
626 3775 674 3812 ne·
708 3759 760 3826 θη]
780 3759 865 3812 Voluit
886 3761 954 3812 enim
970 3759 1072 3810 Marcus
1089 3756 1245 3826 Antoninus,

136 3855 198 3908 gare
224 3843 284 3893 suut
300 3839 357 3892 nusi
383 3840 426 3908 qui
450 3841 579 3909 epistolae,
595 3842 676 3911 ipsius
711 3841 919 3910 quemadmodum
940 3843 1020 3894 lulius
1042 3840 1198 3908 Capitolinus
1217 3843 1246 3894 iu

136 3923 258 3978 vindicius
280 3929 398 3991 egerunt.
440 3911 596 3979 concinnate
616 3931 677 3978 sunl
710 3925 768 3977 Vile
791 3926 846 3978 eius
866 3941 889 3978 c.
905 3923 939 3978 24
961 3927 1065 3990 narrat,
1085 3923 1246 3977 Marcoman·

138 4007 205 4061 enim
221 4007 253 4060 ml
273 4023 407 4062 censuram
422 4009 579 4063 Graecorum
594 4010 677 4063 Seeli-
709 4008 778 4060 niem
798 4010 971 4078 provinciam,
990 4008 1071 4063 noluit
1088 4009 1164 4062 etiem
1182 4009 1246 4061 Ser-

137 4092 267 4160 gerinnum
283 4090 330 4160 (oi.
347 4083 398 4150 los.
417 4093 541 4160 Scaligeri
553 4091 676 4146 Animad—
710 4093 812 4146 matium
822 4094 923 4148 iacere:
943 4099 970 4147 et
981 4093 1101 4159 iecisset,
1120 4093 1169 4146 nisi
1183 4093 1246 4144 Avi-

137 4189 219 4230 rerss.
254 4175 281 4228 in
307 4175 461 4244 Glrronolog.
485 4175 580 4230 Euseb.
601 4175 676 4244 223),
711 4175 766 4228 dius
789 4176 892 4232 Cassius
913 4179 960 4232 sub
985 4177 1074 4230 eodem
1095 4177 1123 4230 lu
1148 4176 1247 4230 oricula

137 4262 167 4313 ul
181 4260 224 4330 piu
240 4260 438 4316 scilieettrsule
459 4261 612 4317 tollerentur
629 4259 677 4316 ‹lu-
710 4261 869 4320 rebellasset.
902 4262 1081 4318 Εόοἱιοὶοοὶιιο.
1140 4333 1141 4336 ¹

181 4355 251 4419 ul
273 4355 309 4419 Ρ.
321 4355 345 4418 1.
1042 4357 1083 4418 nl
