2910 4774
451 235 468 288 ,·
559 216 768 283 aseneum
789 214 813 280 1.
1182 218 1243 298 rel

129 389 262 452 venatur
278 387 311 448 at
328 388 511 468 apostolum
534 387 604 466 ipse
626 389 708 451 enim
726 387 849 450 nuntiat
863 403 1065 468 quaeeunque
1082 391 1174 454 decet
1188 409 1244 454 ee·

129 501 251 580 gnossi,
269 501 302 560 et
317 500 449 562 mittitur
468 501 503 562 ut
516 500 633 558 indicet
648 515 851 576 quaeeunque
867 500 1065 578 nuntiantur,
1090 505 1243 578 quemad-

129 609 255 668 modum
276 611 309 670 et
331 610 402 688 ipse
422 611 565 672 domiuus
590 609 700 670 uester
727 609 821 668 dixit:
849 604 914 681 Qus·
926 628 974 674 me
990 606 1086 673 audit
1101 631 1171 674 eum
1188 610 1244 696 qui

130 736 179 780 nee
196 715 284 780 misit
298 715 402 782 medii.
443 718 493 780 Ex
506 719 604 780 Musis
622 735 745 794 qnoque
762 718 889 796 seriptis
903 718 936 778 id
950 721 1082 796 patebit.
1120 721 1245 790 Dictum

131 830 181 894 est
196 828 283 888 iniis
299 829 363 888 sie:
384 824 433 890 Et
453 824 579 890 loeutus
596 828 645 890 est
656 823 742 888 Masi
754 823 890 909 angelus
898 823 954 890 dei
969 825 1144 918 inflamma
1156 829 1244 916 ignis

131 957 149 1004 e
164 933 243 1000 rulo
255 937 287 1000 el
302 934 408 1000 dixit:
422 933 497 1020 Ege
512 956 584 1000 snm
599 934 759 1000 exsistens
775 933 842 1012 ille,
864 933 944 1002 deus
953 935 1139 1017 Abscedent,
1162 938 1245 1010 deus

132 1044 252 1122 hanel,
265 1043 345 1110 deus
356 1041 479 1121 lucebi,
500 1043 582 1110 deus
595 1049 729 1132 patrum
746 1048 881 1110 tuorum.
902 1043 1121 1116 Descenderit
1137 1049 1245 1137 Aegy·
1289 1098 1293 1107 .

126 1160 222 1243 ptum
235 1157 268 1222 et
283 1154 365 1222 educ
374 1154 528 1242 populum
539 1175 650 1220 meum.
675 1155 760 1228 Quae
776 1174 855 1218 vere
871 1162 1044 1239 sequuntur
1057 1163 1192 1238 potestis
1203 1179 1245 1224 ex

130 1269 362 1347 missorium,
384 1269 412 1328 si
432 1268 547 1345 vultis,
567 1284 777 1345 eegnnseer03
797 1285 859 1330 non
881 1270 961 1330 enim
984 1270 1149 1332 omniahie
1167 1289 1245 1348 per-

130 1380 271 1444 scribere
288 1395 465 1458 possumus.
488 1378 572 1438 llaee
584 1379 688 1438 autem
703 1378 837 1440 diximus
858 1382 893 1440 ut
906 1381 1192 1444 demonstraremus
1205 1383 1245 1444 fi-

130 1490 207 1552 lium
226 1490 280 1550 dei
299 1491 332 1550 et
355 1488 533 1566 apostolum
554 1504 626 1548 esse
650 1486 753 1548 Iesum
771 1486 944 1566 Christum,
967 1491 1020 1566 qui
1038 1493 1132 1552 antea
1151 1491 1245 1569 logos

131 1601 212 1677 erat,
234 1616 271 1660 ae
286 1600 377 1660 modu
392 1599 425 1658 in
440 1599 546 1676 specis
559 1598 641 1675 ignis
659 1596 746 1658 visus
763 1599 822 1674 est,
843 1599 936 1660 modo
951 1600 1044 1662 stium
1061 1600 1092 1660 in
1109 1579 1257 1678 imagine·

130 1710 404 1786 incorporeorum:
425 1726 506 1770 nune
524 1710 628 1770 autem
650 1707 814 1770 voluntate
832 1709 934 1785 patris
949 1723 1015 1786 pre.
1029 1709 1163 1772 humane
1184 1727 1244 1788 ge·

130 1837 209 1882 uere
225 1819 318 1880 homo
339 1819 442 1880 suetus
467 1818 615 1878 sustinuit
640 1818 734 1878 etiam
756 1819 883 1895 perpeti
903 1835 1105 1894 quaeeunque
1127 1820 1159 1880 in
1175 1836 1245 1882 eum
1288 1847 1295 1861 ι

130 1929 235 1989 insani
253 1929 362 1989 ludaei
382 1930 564 1988 daemonnm
580 1927 716 2004 impulsu
729 1927 829 1986 meliti
845 1929 926 1987 sunt.
963 1927 1021 1998 Qui
1036 1945 1128 2005 quum
1142 1931 1244 1996 nomi..

8 2113 9 2140 ἦ
130 2039 228 2100 ratim
249 2039 280 2098 in
299 2037 398 2099 Musis
413 2037 643 2098 commentariis
660 2052 846 2114 expressum
867 2035 1022 2098 habeant:
1047 2034 1097 2106 El
1118 2034 1245 2104 locutus

130 2149 182 2212 est
196 2144 331 2231 angelus
347 2143 403 2212 dee·
418 2165 487 2210 cnm
503 2143 594 2210 Mese
615 2142 650 2208 ln
671 2142 745 2226 igne
758 2142 915 2232 flammae
938 2143 974 2210 le
996 2144 1074 2214 redo
1091 2149 1124 2212 et
1138 2145 1245 2218 diste:

130 2254 208 2341 Ege
222 2277 293 2320 suen
307 2255 467 2323 exsistens
484 2253 552 2326 dte,
568 2251 648 2320 deus
657 2252 832 2320 Abretteni
846 2251 972 2324 eldeum
988 2252 1095 2326 lenaei
1111 2260 1145 2324 el
1162 2256 1244 2328 dees

133 2363 245 2432 Incnll
257 2399 300 2415 --
316 2369 479 2446 parentem
502 2370 534 2428 et
556 2367 750 2430 conditorem
776 2367 993 2430 universorum
1021 2367 1102 2428 haee
1124 2371 1246 2432 dixisse

131 2481 287 2540 asserunt.
318 2477 396 2540 Hine
411 2478 505 2540 etiam
519 2477 726 2560 propheticus
742 2477 874 2554 spiritus
891 2494 947 2540 eos
966 2477 1134 2556 increpans
1149 2480 1244 2544 dixit:

133 2584 242 2652 Israel
266 2607 341 2652 vern
365 2607 414 2650 me
437 2605 501 2650 non
522 2584 683 2670 cognovit,
707 2587 739 2650 et
759 2584 903 2672 populus
923 2605 972 2650 me
989 2606 1052 2652 nnn
1073 2585 1248 2658 intellexit.

7 2737 9 2748 ,
131 2697 175 2763 Et
190 2717 302 2762 rursus
315 2698 415 2776 lesus,
435 2700 470 2764 ut
486 2698 688 2774 ostendimus,
711 2697 795 2774 apud
811 2714 868 2760 eos
884 2714 1017 2760 versans
1032 2699 1128 2762 dixit:
1146 2695 1247 2766 Nesus

7 3941 8 3966 ι
134 3931 251 3999 paruerit
268 3931 414 4000 priusquam
432 3944 534 3982 carnem
557 3927 677 3984 induerit.
716 3972 728 4024 ¹
757 3968 774 4026 3

133 2806 281 2892 cognonit
299 2808 429 2893 putrem
449 2803 514 2900 etsi
527 2802 644 2893 filius,
664 2823 766 2888 neque
776 2798 893 2889 silium
912 2803 977 2870 nisi
997 2809 1096 2892 pater
1117 2808 1149 2872 st
1172 2805 1248 2890 qul-

132 2913 299 3004 lusse'llus
315 2913 512 2982 revelaverit.
555 2915 662 2980 Iudaei
678 2917 774 2993 igitur
787 2919 910 2994 patrem
925 2918 1142 2982 universorum
1160 2935 1247 2984 sem·

132 3047 193 3108 per
217 3046 286 3090 eum
307 3029 396 3088 Mese
419 3028 609 3090 collocutum
632 3027 865 3106 existimantes,
895 3045 986 3104 quum
1005 3029 1033 3094 is
1051 3029 1104 3104 qui
1120 3045 1189 3092 eum
1208 3046 1248 3093 en

133 3139 310 3204 collocutus
328 3140 379 3199 est
392 3137 475 3200 tilius
498 3137 551 3198 dei
568 3139 671 3214 esset,
691 3137 791 3213 quiet
806 3137 937 3214 angelus
952 3139 984 3200 et
998 3137 1162 3219 apostotus
1186 3155 1248 3200 ve·

133 3249 312 3324 natusest,
341 3247 452 3308 merito
476 3249 509 3308 et
530 3263 550 3310 a
572 3247 761 3326 prophetice
784 3247 898 3325 spiritu
917 3249 951 3307 et
967 3247 1008 3310 ab
1030 3247 1101 3324 ipso
1118 3246 1247 3314 Christe

134 3360 310 3437 mguuutur
324 3375 383 3420 nae
397 3359 519 3436 patrem
535 3373 593 3422 nee
610 3357 706 3424 filiurn
722 3374 826 3424 nosse.
849 3356 926 3426 Nam
944 3357 998 3435 nui
1013 3356 1111 3424 tilium
1125 3359 1248 3437 patrem

135 3591 245 3644 ationem
258 3589 368 3644 Gratius
383 3595 410 3644 et
421 3590 565 3659 Trullepius
581 3589 616 3642 ita
632 3589 678 3642 de·
712 3590 743 3645 Ρ.
761 3591 796 3644 11.
811 3605 837 3659 p.
848 3589 901 3644 342
910 3607 984 3660 sqq..

136 3673 242 3727 tendere
268 3675 371 3730 student
391 3680 420 3728 ut
438 3690 500 3728 veae
521 3671 679 3743 ἀσωμάτων
782 3676 824 3728 11.
837 3673 926 3731 net..
938 3669 1059 3744 .’1αιιω’β]
1083 3673 1166 3728 Exod.
1179 3674 1206 3743 3,
1220 3675 1246 3728 2.

135 3759 280 3826 angeles
293 3764 385 3828 putent
402 3760 525 3816 indicates
540 3777 614 3828 esse,
632 3761 679 3816 sub
714 3755 756 3814 tt.
777 3757 819 3813 15.

136 3860 244 3914 querum
254 3843 462 3914 specietiliusdei
475 3845 678 3914 quandoqueap-
784 3883 825 3940 ¹2·
842 3877 947 3954 ‚mm
963 3913 1006 3938 M
1022 3883 1137 3954 συνῆκε]
1171 3887 1245 3940 Μ.

136 4016 292 4085 Quamquam
307 4016 472 4082 alibidlnrtyr
487 4013 582 4068 indicet
600 4029 679 4082 enge·
732 4009 740 4040 ’
777 4011 783 4025 '

135 4099 174 4152 ios
190 4115 298 4170 serpere
314 4115 472 4168 nequaquam
485 4099 621 4156 destitutos
638 4114 680 4152 as·
785 4096 826 4152 ts.
859 4092 961 4160 otene
986 4134 993 4150 .
1011 4136 1041 4152 ..
1065 4092 1247 4168 ἀκοκαὶύψῃ]

135 4199 181 4254 se;
198 4183 254 4239 ride
265 4184 389 4240 Semiseh.
403 4183 494 4239 lustin
507 4187 554 4240 der
566 4185 679 4253 dientes.
714 4182 806 4238 Mettis.
823 4183 864 4253 ti,
883 4182 926 4239 27.
