2900 4776
551 255 768 324 ›Anototll
794 259 818 323 l.
1201 266 1247 336 45

130 431 325 508 gnoseentur
350 445 412 490 non
435 443 507 492 osse
531 427 719 512 cintilani,
742 435 883 512 quumvis
905 435 1012 516 lingue
1035 438 1245 518 profiteantur

132 539 251 600 Christi
276 541 466 618 doctrinam
495 559 557 602 non
580 545 660 604 euim
685 561 742 605 eas
764 546 817 622 qui
838 548 956 608 tentam
979 549 1168 626 profitentur
1186 553 1246 614 sed

131 651 187 727 qui
202 651 288 712 foetu
303 653 399 712 etium
414 652 566 712 exhibent
581 653 689 714 sulvus
705 654 776 714 tore
794 653 882 714 dixit.
920 657 976 719 Ait
988 659 1069 719 euim
1085 661 1146 720 sie:
1170 658 1245 724 Non

130 759 234 823 omnio
247 758 303 844 pei
319 757 405 824 dieii
419 757 499 824 mitti
515 757 653 825 Domine
671 758 797 824 mine
814 761 961 828 introibit
977 763 1012 828 in
1028 785 1158 852 regnem
1172 751 1244 833 eoe-

131 867 253 945 ioram,
274 868 334 934 sed
349 868 405 954 pai
417 866 508 956 saoit
524 868 717 936 volontatem
733 870 841 956 putris
857 872 921 936 mei
937 873 994 958 qai
1007 873 1043 938 im
1061 876 1160 942 coetis
1185 881 1243 942 eat.

134 977 201 1054 Qut
216 978 299 1042 enim
314 999 363 1044 me
377 978 473 1044 eadit
495 981 527 1044 et
552 999 633 1066 preoe
649 979 722 1044 dieo
735 977 829 1068 socii
843 1003 913 1046 enm
930 981 1028 1049 ondit
1050 961 1106 1070 qai
1120 987 1244 1051 memt-

130 1087 185 1152 oit.
229 1086 332 1153 Malli
346 1091 454 1153 aetem
469 1087 578 1154 dicent
593 1089 690 1156 milei:
712 1079 849 1156 Domine
861 1089 1004 1171 dormine,
1022 1115 1124 1160 nonne
1138 1096 1172 1160 in
1187 1117 1245 1161 no·

129 1195 214 1264 mine
236 1199 293 1262 toa
319 1197 443 1264 edimus
465 1203 496 1265 et
518 1199 651 1264 didimus
671 1203 703 1265 ei
717 1197 875 1288 jocinore
892 1201 1077 1270 edidimus?
1098 1204 1148 1270 Ei
1167 1210 1245 1272 tone

129 1307 174 1371 iis
190 1306 312 1374 dicem:
333 1307 507 1376 Discedite
524 1333 545 1374 a
561 1331 619 1386 me,
642 1309 787 1398 malefim'.
818 1311 898 1377 Tam
905 1313 1012 1404 flotus
1030 1314 1093 1380 erit
1113 1319 1146 1381 et
1165 1317 1244 1382 etri·

129 1415 192 1482 dor
214 1416 356 1484 dentium
374 1439 470 1505 qaum
488 1419 568 1484 iasii
582 1418 710 1505 quietem
733 1424 769 1486 nt
784 1421 834 1486 sot
843 1420 1033 1511 fulgebunt,
1055 1424 1168 1490 inient
1184 1447 1243 1491 an·

127 1529 193 1592 tem
205 1526 377 1594 mittentur
391 1529 425 1594 in
446 1533 610 1595 oeternum
625 1529 741 1614 ignem.
779 1530 880 1597 Metti
898 1534 981 1598 enim
996 1534 1122 1600 venient
1137 1536 1170 1599 in
1186 1558 1243 1601 no·

127 1637 213 1702 mine
228 1658 306 1716 meo,
331 1639 530 1704 extrinsecae
545 1640 648 1704 eninm
665 1637 805 1726 pellitae
817 1641 934 1719 induti,
956 1665 1051 1728 qaum
1068 1644 1155 1708 inimo
1170 1643 1243 1730 topi

126 1746 194 1812 nint
210 1767 368 1834 nopoeeet
389 1750 595 1836 exoperibus
612 1771 666 1815 eos
683 1751 890 1835 cognoscetis.
937 1753 1048 1818 Omnis
1063 1757 1170 1818 antem
1185 1775 1242 1820 or-

128 1856 205 1934 bor,
226 1879 289 1924 non
303 1856 588 1949 saeienesreetum
605 1859 733 1938 bonnm,
756 1859 919 1926 eeeiditar
940 1865 972 1926 et
990 1863 1144 1948 inignem
1169 1883 1243 1928 oon·

126 1967 251 2034 iiaitm.
302 1971 467 2034 Caeterum
489 1975 541 2050 qui
568 1989 630 2033 non
655 1975 864 2034 consentanee
887 1976 1067 2052 praeeeptis
1092 1977 1160 2036 eius
1190 1977 1242 2036 vi-

126 2085 221 2160 vunt,
247 2084 370 2144 nomine
396 2086 488 2145 tenus
517 2082 703 2162 Christiani,
735 2085 770 2144 ut
794 2063 963 2162 puniantur
987 2085 1081 2146 etiam
1104 2103 1124 2147 a
1147 2085 1241 2146 vobis

127 2207 307 2270 rogemus

216 2339 266 2398 17.
287 2335 418 2397 'tributa
439 2352 517 2396 vero
536 2339 568 2398 et
587 2329 773 2398 collationes
793 2336 832 2396 iis
851 2331 906 2413 qni
920 2353 940 2396 a
954 2337 1046 2398 vobis
1063 2339 1135 2398 sunt
1152 2339 1241 2398 ordi-

125 2447 195 2506 nati
208 2445 323 2522 ubique
335 2463 413 2524 pree
427 2445 568 2506 omnibns
584 2447 723 2524 pendere
738 2447 963 2525 contendimus,
983 2449 1241 2524 quemadmodum
1343 2518 1347 2523 ,

127 2557 170 2617 ab
193 2573 231 2616 eo
257 2557 394 2616 instituti
417 2571 533 2616 sumus.
569 2553 638 2616 lllo
657 2556 737 2616 enim
756 2559 898 2634 tempore
913 2557 1099 2616 neoedentes
1117 2559 1241 2634 quidum

127 2683 199 2728 eunr
212 2667 463 2744 interrogarunt,
488 2682 531 2726 en
550 2659 687 2728 Caesari
700 2662 823 2728 tributo
834 2662 979 2748 pendere
1001 2668 1159 2750 oporteat.
1199 2666 1241 2726 Et

126 2777 310 2854 rospondit:
343 2771 577 2848 mittemini,
603 2773 695 2838 enies
717 2773 888 2857 imaginem
911 2793 1023 2836 namne
1048 2771 1167 2838 toedet?
1188 2777 1241 2836 llli

127 2889 232 2946 eutem
245 2885 409 2946 dixerunt:
436 2881 598 2948 Caesarie.
641 2885 683 2945 llt
701 2903 813 2946 rursus
829 2886 995 2962 respondit
1013 2885 1070 2944 iis:
1093 2879 1241 2948 Reddite

126 2993 231 3078 igitur
246 3013 327 3079 quoe
348 2991 502 3058 Caesario
515 2995 589 3058 sont
610 2991 755 3068 Caesoni,
777 2994 808 3055 et
826 3011 907 3076 quoe
920 2989 975 3056 dei
991 2990 1063 3056 deo.
1101 2995 1240 3056 Proinde

126 3123 186 3168 nos
211 3107 312 3167 solum
336 3108 427 3168 deum
450 3108 636 3185 adoremus,
664 3107 757 3167 vobis
781 3109 884 3166 eutem
903 3105 935 3165 in
959 3105 1054 3165 rebus
1071 3105 1143 3164 aliis
1161 3105 1240 3165 laeti

128 3300 183 3368 rige
202 3299 308 3366 Sleuer)
329 3298 371 3352 rel
391 3311 438 3366 pro
458 3299 541 3368 cupite
564 3299 667 3352 soluen·
702 3301 779 3368 egent
789 3313 820 3350 ex
829 3295 878 3350 fide
889 3295 1088 3365 dependentibus
1097 3294 1239 3351 debitum.“

128 3385 187 3438 dnn
203 3385 244 3438 rel
258 3383 335 3436 lando
352 3383 496 3450 impositum
512 3383 539 3435 iu
559 3385 667 3451 quenli-
770 3383 796 3436 2.
815 3381 970 3454 εἰ...θιιρ]
995 3379 1058 3434 Luc.
1072 3383 1115 3450 20,
1130 3383 1171 3436 22.
1187 3383 1240 3454 253

127 3469 173 3523 leet
187 3469 225 3521 rei
244 3468 359 3536 publiano
379 3481 471 3536 usuum
489 3463 610 3534 εἰσφορὰ
627 3471 668 3521 est
701 3467 759 3520 coll.
778 3467 842 3520 loeo.
861 3467 966 3534 parali..

127 3553 288 3620 stipendium
309 3554 498 3620 temporarium
519 3551 666 3618 (austeror-
769 3549 794 3604 8.
813 3546 884 3618 πρός
895 3547 931 3604 eoi
947 3543 1030 3617 vitta]
1052 3549 1113 3604 Scil.
1127 3567 1190 3620 qnae
1209 3552 1241 3606 ad

129 3636 257 3690 denllielne
267 3636 540 3705 solemnissimum
557 3649 589 3688 ex
604 3651 666 3689 eeu·
699 3631 893 3704 neocastrum
903 3649 955 3687 nou
966 3637 1105 3703 pertinent.
1120 3663 1155 3676 —-
1174 3637 1239 3690 Ter-

127 3737 158 3775 su
173 3721 268 3774 tautum
290 3705 398 3774 ad'belll
414 3720 590 3773 necessitates.
624 3720 664 3773 Gi.
699 3723 797 3775 tullian.
812 3722 830 3774 l.
846 3738 869 3774 c.
887 3717 969 3774 eso:
992 3719 1104 3786 „Sciunt
1117 3719 1173 3786 quis
1189 3719 1240 3772 illie

127 3807 228 3874 lleyer.
250 3805 320 3860 linit.
346 3821 418 3872 enep.
436 3803 583 3858 Honeddaet
600 3804 665 3858 tter
700 3806 800 3860 dederit
813 3806 960 3874 imperium
977 3804 1077 3871 stiunt,
1095 3817 1143 3870 quo
1156 3803 1237 3856 homi-

127 3893 154 3944 d.
168 3891 236 3944 nio.
250 3893 276 3944 d.
291 3890 401 3944 Mantus
415 3905 442 3942 ιι.
460 3888 548 3942 Lata
566 3889 619 3956 (ed.
633 3889 664 3960 2)
701 3905 765 3959 nes,
791 3892 848 3960 quis
861 3893 890 3943 et
907 3890 1031 3956 unimam
1049 3887 1163 3940 sentiunt
1182 3902 1240 3940 euin

126 3991 153 4044 p.
167 3975 219 4029 488
237 3978 264 4028 et
280 3975 355 4027 Woli.
370 3975 397 4026 in
416 3973 547 4028 Selueleri
567 3974 665 4043 Appnr.
701 3973 776 4028 deum
798 3989 856 4028 esse
886 3974 985 4041 solum,
1017 3972 1044 4024 in
1069 3970 1139 4022 euius
1161 3971 1239 4023 solius

128 4063 186 4114 erit.
202 4063 228 4114 et
245 4075 319 4126 eueg.
335 4058 366 4112 ad
381 4059 579 4112 liemoslluonem
594 4061 665 4114 lom:
701 4061 828 4126 potestate
850 4061 928 4124 sunt,
946 4072 961 4109 n
980 4067 1029 4125 quo
1045 4057 1105 4108 sunt
1126 4053 1239 4122 secundi,

127 4145 175 4198 lll.
188 4159 214 4214 p.
226 4143 271 4198 8⁰.
288 4171 322 4184 ·-
350 4145 499 4198 tertullien.
516 4143 626 4214 Apolog.
643 4160 666 4199 o.
701 4147 846 4213 postquem
864 4141 955 4210 primi,
974 4143 1032 4194 nate
1049 4151 1137 4192 omues
1156 4141 1183 4192 et
1195 4155 1239 4194 su·

127 4229 180 4284 ⁴2:
212 4229 370 4300 „Vectigalia
398 4231 492 4298 gratias
516 4229 667 4284 Christianis
701 4243 749 4298 per
764 4241 851 4281 omnes
865 4225 956 4280 deos.“
987 4269 989 4276 ,
