2910 4774
510 270 720 336 neotoeln
750 271 774 336 1.
1155 273 1218 344 149

100 441 154 508 te's
179 435 305 522 iubent,
334 444 370 504 nt
388 443 514 504 calceos
538 435 666 504 solvant
683 445 737 522 qui
761 442 880 524 templa
900 445 1118 524 ingrediuntur
1142 463 1218 509 eos-

102 557 237 632 demque
264 555 433 615 daemones
457 555 580 633 colunt,
612 555 646 616 id
668 556 836 616 daemones
852 572 892 616 ex
910 557 949 616 iis
966 575 1046 634 quae
1060 559 1142 620 Mosi
1162 575 1218 620 su·

100 667 248 745 predicto
267 664 446 744 prophetae
463 667 636 724 evenerunt
653 667 810 743 cognitum
823 666 936 726 imitati
949 670 1030 727 sunt.
1057 667 1117 729 Illo
1137 670 1218 730 enim
1285 687 1288 694 ’

102 785 266 854 tempore,
292 793 353 852 qno
378 775 484 834 Moses
514 775 546 832 in
571 775 752 853 Aegyptum
783 777 977 837 descendere
1005 778 1218 856 populumque

100 887 309 947 israeliticum
332 885 376 943 ibi
400 887 640 944 commorantem
662 887 796 946 educere
818 888 923 947 iussus
943 891 1008 966 est,
1037 892 1219 966 pascentem

103 1015 176 1058 eum
195 998 228 1056 in
251 994 379 1054 arabica
403 996 491 1053 terra
514 1011 593 1054 oves
614 997 761 1055 avunculi
783 999 917 1056 materni
939 996 1083 1060 Christus
1107 1001 1219 1060 noster
1277 989 1279 994 ’

102 1109 136 1167 in
160 1106 267 1184 speeie
289 1105 371 1182 ignis
394 1121 412 1162 e
433 1105 513 1164 rubo
533 1103 689 1164 allocutus
714 1107 779 1184 est,
802 1109 836 1166 et
856 1107 952 1167 dixit:
978 1103 1072 1171 Soloe
1095 1103 1219 1171 calcea·

101 1216 289 1278 mentetua
313 1215 346 1276 el
369 1209 525 1276 accedens
540 1210 628 1278 ovili.
673 1210 737 1275 ille
761 1218 882 1294 autem,
903 1221 1071 1294 postquam
1093 1218 1219 1280 calceos

102 1327 203 1388 solvit
219 1328 251 1386 et
265 1325 417 1401 accessit,
439 1324 562 1384 audivit
578 1341 613 1383 se
630 1325 661 1382 in
679 1324 860 1402 Aegyptum
874 1327 1097 1389 descensurum
1111 1331 1144 1388 et
1158 1347 1220 1407 po-

102 1439 213 1516 pulum
236 1435 440 1495 israeliticum
461 1435 505 1493 ibi
534 1437 773 1494 commorantem
803 1436 985 1497 educturum
1008 1454 1100 1516 esse,
1125 1440 1220 1515 atque

102 1549 225 1607 virtute
241 1547 361 1625 ingenti
380 1563 399 1605 a
418 1545 560 1621 Christo,
584 1545 636 1620 qui
654 1543 685 1602 in
702 1545 809 1621 specie
828 1545 909 1621 ignis
925 1547 1049 1606 loeutus
1067 1549 1219 1625 cumipse
1273 1602 1276 1607 .

104 1657 229 1735 inerat,
258 1658 389 1734 accepta
414 1655 577 1716 descendit
600 1656 633 1713 et
658 1655 810 1731 populum
830 1655 940 1714 eduxit
962 1657 1085 1734 magnis
1108 1659 1140 1716 et
1160 1656 1220 1716 ad·

103 1767 256 1828 mirandis
281 1766 474 1826 facinoribus
498 1765 605 1826 editis:
628 1780 708 1841 quae
732 1765 760 1824 si
782 1764 879 1824 vultis
902 1765 1043 1844 discere,
1067 1783 1107 1828 ex
1127 1766 1219 1826 libris

104 1879 175 1939 eius
188 1865 335 1938 accurate
350 1873 489 1937 discetis.

194 1989 244 2048 63.
269 1987 379 2047 ludaei
401 1989 504 2047 antem
521 2003 627 2047 omnes
648 1987 741 2046 etiam
757 2003 837 2047 nuuc
855 1987 969 2048 docent
984 1990 1141 2048 carentem
1160 2004 1220 2048 no·

105 2100 190 2160 mine
213 2098 304 2157 deum
327 2115 395 2157 oum
409 2098 497 2156 Mose
517 2097 705 2158 collocutum
720 2113 810 2174 esse,
832 2098 914 2157 unde
930 2098 1135 2175 propheticus
1151 2099 1221 2176 spi-

104 2210 188 2269 ritus
215 2224 274 2286 per
297 2209 510 2284 supradictum
532 2206 721 2285 prophetam
747 2206 881 2266 [esaiam
902 2206 1068 2285 increpans
1092 2224 1165 2287 eos,
1187 2211 1221 2269 ut

105 2335 206 2396 supra
231 2319 430 2396 scripsimus,
452 2319 547 2378 dixit:
573 2313 727 2398 Cognovit
751 2312 806 2376 los
830 2332 1045 2399 possessorem
1074 2337 1165 2380 mum
1190 2319 1232 2381 el¹

106 2426 219 2491 asinas
238 2446 400 2512 praesepe
423 2423 544 2488 domini
562 2423 633 2502 svis
655 2422 760 2488 Israel
781 2445 855 2488 vero
878 2445 928 2491 me
945 2445 1007 2488 non
1025 2426 1171 2509 cognovit
1186 2428 1220 2491 el

102 2533 315 2624 populusne
337 2556 400 2598 non
420 2533 592 2598 intellexit.
637 2536 744 2612 Atque
764 2535 856 2596 iesus
872 2535 1034 2615 Christus,
1060 2539 1144 2616 quod
1165 2538 1220 2600 lu-

105 2651 181 2710 daei
201 2665 264 2708 non
286 2649 453 2707 novissent
473 2647 548 2723 quid
572 2648 665 2724 pater
697 2649 730 2705 et
757 2647 832 2721 quid
856 2647 941 2706 tilius
965 2650 1069 2725 esset,
1099 2651 1222 2726 pariter

105 2763 274 2836 increpans
291 2775 346 2817 eos
366 2761 399 2818 ct
415 2759 485 2835 ipse
501 2758 596 2817 dixit:
620 2751 721 2818 Nemo
737 2753 883 2848 cognovit
895 2756 1025 2838 patrem
1038 2752 1222 2842 nisifilins,

107 2889 211 2953 neqve
226 2861 342 2953 fllium
362 2865 427 2929 nisi
445 2861 543 2952 pater
566 2867 598 2928 et
620 2862 735 2948 quibvs
757 2860 944 2927 revelaverit
959 2859 1075 2950 silias.
1114 2867 1222 2946 Logos

108 2983 218 3042 autem
244 2979 295 3039 dei
318 2981 369 3039 est
394 2980 477 3039 filius
501 2979 585 3056 eius,
604 2979 756 3054 utsupra
777 2975 920 3035 diximus.
963 2973 1066 3036 Etiam
1089 2979 1222 3055 angelus

107 3148 193 3216 lopius
218 3145 250 3206 ad
265 3145 404 3198 'arbitrium
424 3141 556 3197 ediderunt
574 3138 646 3214 ἄρα·
751 3142 777 3198 7.
791 3135 1221 3224 ‘Tadivoacmicnooces]Exod.

133 3233 188 3304 ικῇ.
681 3227 709 3296 8,
728 3230 754 3283 5.

112 3234 132 3305 β
180 3316 206 3370 6.
234 3317 286 3372 τοῦ
316 3310 388 3382 npo'c
414 3309 521 3381 μητρός
550 3315 647 3380 orlon]
753 3315 777 3369 i.
792 3309 918 3384 itiner]
937 3314 1058 3366 Marauus
1071 3313 1135 3367 talso
1149 3307 1222 3384 itep-

109 3403 206 3456 Mirum
222 3401 289 3454 unde
311 3401 373 3452 haec
392 3398 420 3452 S.
435 3400 534 3468 Martyr
555 3402 648 3456 hause·
682 3419 748 3470 χων.

109 3487 154 3540 rit.
174 3486 255 3539 Forte
272 3485 393 3538 memoria
417 3484 537 3538 effluente
554 3490 649 3539 malcr-
751 3486 777 3542 2.
796 3479 834 3550 ὥς
855 3477 1089 3554 προεγρᾶψαμεν]
1125 3483 1154 3540 (i.
1177 3483 1221 3541 ⁸7.

111 3587 172 3624 uum
192 3571 341 3623 avunculum
363 3584 411 3637 pro
434 3583 524 3621 socero
549 3570 647 3624 sumsit.
683 3585 709 3640 p.
728 3569 771 3626 77.
790 3573 823 3627 A.

111 3655 221 3708 Coniieit
254 3654 382 3708 Tirirlbius
407 3669 465 3706 cnm
492 3654 519 3704 in
550 3651 648 3706 Mosen
751 3649 1052 3721 3.”Εγνω...σννῆκε]
1079 3655 1130 3708 les.
1147 3655 1172 3720 ¹,
1194 3652 1220 3707 8.

109 3740 251 3793 transferre
265 3739 430 3808 quodlacobo
447 3736 649 3804 convenit3huic
751 3740 777 3794 4.
793 3735 896 3801 oiseis
906 3735 1115 3802 ...olrissdtaitm
1126 3734 1220 3803 11,27.

109 3823 210 3892 quidem
234 3825 350 3892 apparuit
365 3824 438 3892 dens,
459 3839 535 3892 quon
557 3835 649 3889 pasce·
751 3826 777 3882 5.
804 3820 843 3890 ὥς
868 3821 1044 3892 προέφημεν]
1076 3821 1106 3875 c.
1126 3820 1170 3875 82.
1193 3836 1220 3889 p.

109 3912 152 3960 ret
179 3923 271 3975 greges
301 3910 417 3961 avuncuii
446 3909 486 3962 sui
513 3912 540 3960 el
566 3904 649 3958 soseri
682 3906 725 3963 74.
745 3909 778 3964 B.

108 3991 229 4047 Labanis.
261 3993 401 4048 Marones.
429 3992 492 4045 Vide
515 4007 537 4046 c.
554 3989 597 4045 42.
619 4005 645 4046 n.
750 3993 777 4047 6.
797 3987 1135 4062 ἄγγελος...ἅπόστολος]
1159 3985 1221 4040 Vide

110 4076 136 4132 4.
152 4107 188 4118 -
210 4079 250 4132 Dc
261 4079 457 4146 christophaniis
469 4079 496 4129 in
506 4077 563 4130 Vct.
575 4076 646 4129 Test.
670 4067 705 4133 'e.
716 4077 742 4132 6.
758 4095 783 4132 n.
795 4077 820 4133 Ξ.
836 4105 872 4122 ·-
887 4070 1052 4138 lindeseiae
1059 4079 1149 4145 postea
1156 4091 1220 4144 quo-

109 4164 220 4215 narratis
235 4164 266 4216 ci.
291 4163 383 4216 librum
401 4179 484 4216 meum
499 4163 538 4215 De
556 4159 649 4213 tustini
684 4179 733 4231 que
757 4163 875 4218 Christus
898 4164 937 4218 bis
964 4161 1113 4234 appellator.
1155 4161 1218 4217 Coit.

109 4248 185 4302 liert.
201 4249 304 4317 scriptis
320 4253 347 4303 et
362 4248 442 4304 doctr.
459 4261 485 4317 p.
499 4245 533 4300 86
543 4261 599 4316 sq..
685 4249 766 4304 Hebr.
784 4247 810 4319 3,
833 4252 855 4304 t.
