2900 4776
528 250 735 314 Arohoela
765 251 789 312 1.
1173 249 1216 319 83
1431 53 1435 320 ἱ

105 421 161 482 dei
182 421 265 483 filius
288 427 321 484 et
343 423 509 502 apostolus
532 423 621 486 lesus
646 423 808 503 Christus,
831 439 926 502 aquo
943 426 1037 488 etiam
1051 425 1216 489 habuimus

103 534 141 592 ut
157 531 329 594 Christiani
342 536 584 613 appellaremur.
627 534 714 594 Unde
732 535 826 594 etiam
841 535 1055 598 confirmamur
1067 539 1099 605 in
1116 539 1216 600 omni-

104 642 166 702 bus
188 659 269 719 quae
292 645 348 704 ille
371 646 494 724 docuit,
515 645 765 722 quandoquidem
790 661 826 704 re
843 646 914 722 ipsa
929 647 1071 710 videmus
1086 649 1215 710 evenire

104 770 311 830 quaecunque
334 754 440 814 lutura
458 755 630 831 praedixit;
660 755 744 832 quod
762 756 886 831 quidem
904 757 955 816 dei
976 773 1056 836 opus
1072 760 1139 818 est:
1161 776 1215 820 res

104 865 180 923 ante
205 881 297 939 quam
327 866 404 926 hant
431 865 537 924 dicere
563 867 657 942 atque
684 866 728 926 ita
753 865 854 926 lactas
880 865 1024 926 exhiberi
1055 870 1089 928 ut
1116 885 1214 945 prae·

104 975 211 1035 dietae
235 968 315 1036 sunt.
358 973 490 1036 Licebat
505 976 602 1052 igitur
619 976 710 1035 nobis
735 976 884 1036 hocloco
907 977 1121 1037 desinentibus
1135 977 1214 1038 nihil

103 1086 240 1162 amplius
253 1087 388 1162 addere,
409 1103 501 1162 quum
517 1086 823 1146 consideraverimus
839 1087 923 1146 iusta
935 1105 993 1146 nos
1009 1089 1041 1146 et
1058 1105 1135 1148 vera
1152 1105 1214 1165 po-

103 1196 243 1256 stulare:
277 1197 334 1256 sed
359 1197 431 1272 quia
452 1195 580 1256 difficile
603 1212 675 1256 esse
701 1197 842 1256 novimus
866 1201 999 1258 mentem
1016 1198 1214 1275 ignoratione

103 1307 270 1367 obsessam
291 1307 395 1367 subito
418 1306 589 1383 immutari,
615 1324 716 1383 pauca
736 1307 777 1368 ad
798 1308 943 1368 veritatis
960 1309 1117 1366 amatores
1136 1324 1214 1384 per-

101 1418 285 1478 suadendos
300 1417 438 1478 adiicere
454 1417 635 1493 statuimus,
656 1415 741 1476 haud
757 1419 860 1494 ignari
879 1434 976 1496 posse
991 1417 1060 1478 fieri
1075 1420 1110 1478 ut
1125 1417 1213 1478 veri-

102 1530 172 1588 tate
187 1527 354 1606 proposita
366 1528 523 1604 ignoratio
540 1527 735 1604 profligetur.

194 1641 244 1698 13.
270 1639 346 1708 Quis
369 1638 466 1716 igitur
486 1641 585 1696 sanae
598 1637 710 1696 mentis
733 1635 825 1696 homo
846 1653 908 1696 non
929 1636 1081 1698 fatebitur
1098 1636 1212 1698 atheos

101 1765 163 1809 nos
184 1765 247 1812 non
271 1765 360 1824 esse,
385 1748 439 1824 qui
462 1748 605 1824 opificem
625 1746 716 1806 huius
732 1747 949 1808 universitatis
971 1748 1118 1825 colimus,
1142 1764 1213 1808 eum
1331 1733 1332 1740 ἵ

101 1859 257 1936 sanguine
276 1861 308 1920 et
323 1857 527 1918 libationibus
549 1859 581 1916 et
601 1856 786 1918 suffimentis
803 1875 864 1917 non
877 1859 1034 1936 indigere,
1056 1860 1091 1918 ut
1108 1860 1213 1918 edocti

101 1987 220 2046 sumus,
244 1985 473 2046 asseveramus,
492 1967 611 2045 verbis,
632 1967 845 2044 precationem
861 1970 1094 2044 gratiarumque
1109 1969 1212 2028 actio·

100 2097 175 2139 nem
200 2079 408 2156 habentibus,
436 2095 495 2155 pro
518 2078 658 2156 omnibus
684 2079 795 2153 quibus
819 2079 975 2139 vescimur
1001 2095 1087 2156 eum,
1111 2045 1211 2154 quan-

100 2194 169 2252 tum
184 2207 350 2268 possumus
359 2233 367 2266 ,
389 2189 551 2248 laudamus
568 2190 676 2264 (quum
689 2187 771 2248 hunc
786 2189 887 2248 solum
900 2190 1018 2249 cultum
1031 2205 1069 2248 eo
1086 2189 1212 2266 dignum

102 2317 177 2362 esse
197 2300 426 2377 acceperimus:
458 2315 599 2374 eaquae
624 2299 664 2358 ab
690 2299 747 2360 illo
770 2299 811 2358 ad
837 2299 982 2358 alendum
1004 2301 1111 2359 creata
1140 2301 1213 2360 sunt

101 2429 166 2472 non
183 2411 256 2488 igne
280 2425 462 2470 consumere
477 2409 536 2468 sed
556 2409 646 2468 nobis
662 2410 694 2467 et
712 2408 924 2486 indigentibus
939 2409 1070 2487 offerre,
1088 2410 1137 2468 illi
1153 2427 1211 2469 au-

101 2526 166 2581 tem
180 2523 290 2598 gratos
305 2537 364 2580 nes
378 2520 564 2579 exhibentes
580 2519 687 2578 verbis
703 2535 835 2596 pompas
850 2522 882 2579 et
897 2519 1029 2596 hymnos
1045 2521 1212 2580 celebrare

101 2647 162 2710 pro
184 2629 342 2690 creatione
365 2632 399 2690 et
422 2630 565 2690 omnibus
587 2630 628 2688 ad
648 2630 762 2688 bonam
781 2630 993 2690 valetudinem
1016 2630 1211 2707 adiumentis,

101 2758 252 2820 generum
273 2741 475 2818 qualitatibus
500 2742 533 2800 et
555 2742 776 2818 tempestatum
796 2740 1091 2815 vicissitudinibus),
1112 2740 1156 2816 et,
1176 2741 1210 2798 ut

101 2869 212 2912 rursus
239 2851 414 2928 incorrupti
435 2852 561 2928 fiamus,
598 2867 656 2929 per
678 2852 770 2910 fidem
797 2867 877 2926 quae
898 2850 988 2910 nobis
1010 2849 1043 2906 in
1065 2865 1135 2908 eum
1160 2850 1210 2907 est

100 2979 214 3040 preces
238 2961 419 3021 fundimus?
447 2961 595 3021 Nostrum
619 2964 722 3020 autem
742 2961 851 3020 harum
871 2975 975 3018 rorum
998 2959 1158 3016 doctorem
1177 2960 1210 3016 et

100 3073 208 3132 natum
222 3071 261 3132 ad
278 3071 339 3131 hoo
350 3088 460 3132 munus
476 3070 578 3130 lesum
594 3070 760 3148 Christum,
773 3070 831 3130 sub
848 3069 960 3128 Pontio
976 3067 1091 3146 Pilato,
1108 3069 1140 3128 in
1154 3067 1209 3128 lu-

100 3277 268 3345 gentessen.“
305 3278 377 3331 Hanc
401 3278 637 3346 interpretationem
673 3277 789 3349 (Grau).
830 3275 927 3330 Eodem
951 3273 1025 3328 modo
1054 3272 1153 3346 πομπή
1178 3275 1209 3330 ad

100 3377 132 3416 ea
153 3360 256 3414 firmant
278 3377 342 3430 qrrae
365 3364 450 3416 statim
471 3364 637 3418 adiiciuntur:
673 3365 794 3418 orationis
817 3361 976 3432 splendorem
1005 3362 1162 3414 transfertur
1182 3362 1208 3414 in

99 3443 191 3516 μόνην
207 3441 290 3512 ἀξίαν
305 3444 396 3504 uo'roai
414 3446 497 3518 τιμήν
508 3467 590 3518 osque
607 3450 638 3504 ad
671 3451 785 3504 Platonis
794 3448 902 3502 hrioclc.
913 3460 937 3514 p.
946 3445 1008 3500 869.
1023 3445 1056 3499 D.
1066 3446 1106 3499 ed.
1117 3447 1207 3516 steph.

100 3529 149 3586 nol
176 3525 283 3598 ὕμνους
305 3531 432 3600 πέμπειν.
478 3535 517 3588 Gi.
542 3551 564 3587 c.
584 3535 636 3588 67:
672 3535 754 3605 (Opp.
767 3534 806 3587 ed.
823 3535 880 3602 Bip.
899 3533 954 3586 vol.
969 3531 1012 3584 xl.
1026 3545 1052 3600 p.
1071 3527 1145 3598 192).

99 3612 164 3672 'eat
186 3617 257 3672 acrio!
283 3636 313 3672 ra
344 3616 388 3681 οἷς
415 3617 637 3688 προσφερόμεθα
739 3617 764 3672 4.
791 3615 952 3686 ποιοτήτων
973 3637 1001 3685 μ.
1024 3619 1123 3685 γενῶν]
1154 3617 1207 3670 Res

99 3699 271 3771 εὐλογοῦμεν
286 3701 336 3758 rdv
350 3701 471 3774 ποιητήν
489 3707 546 3760 reio
561 3702 635 3762 aas·
672 3707 738 3758 eninr
753 3709 858 3758 naturae
881 3707 942 3756 sunt
965 3702 1058 3770 optime
1074 3715 1205 3768 compara-

99 3808 166 3843 tos.
185 3818 220 3828 -
252 3789 372 3842 Formule
393 3783 445 3858 ὅση
469 3787 589 3860 δύναμις
612 3809 634 3848 c.
670 3793 720 3842 tae.
746 3787 817 3856 Γένη
834 3789 920 3841 forsan
938 3787 1031 3839 dictum
1045 3785 1076 3838 de
1092 3787 1204 3838 elemen-

98 3874 133 3926 67
149 3874 291 3942 repetitur;
308 3874 364 3928 ride
379 3891 443 3944 quae
457 3877 492 3930 ibi
509 3876 635 3930 adnotavi.
670 3875 712 3927 tis.
744 3875 783 3926 Gi.
800 3875 868 3942 l'ape
885 3871 988 3926 lldaolb.
1005 3875 1030 3926 d.
1044 3887 1085 3938 or.
1100 3870 1162 3937 Spr.
1178 3869 1204 3920 iu

159 3959 194 4012 2
205 3956 389 4027 προσφέρειν]
396 3961 521 4016 mecdo
531 3960 634 4032 offerre.
670 3959 710 3996 '⁹‘
722 3944 917 4078 ἣξῗάιτὴως]
936 4008 1033 4060 ΤΙιίιΙΙ).
1054 4003 1205 4087 copiectavit

169 4044 195 4098 ⁸⁹³·
210 4040 337 4112 “mmm
350 4045 465 4146 ΠῩμπῗὶ
479 4049 521 4102 Μο
535 4049 634 4102 “’“ῙἸ“
669 4079 804 4145 alsterae,
836 4083 865 4131 ut
892 4079 967 4130 etiam
988 4075 1063 4127 verba
1084 4071 1154 4138 onio
1174 4091 1204 4127 ra

97 4137 140 4186 tos
164 4135 226 4185 sunt
245 4131 285 4186 rel
308 4134 634 4202 commensuralitatem),
669 4153 722 4205 „g
746 4146 889 4218 mmm
913 4148 963 4198 etc.
987 4143 1018 4196 ad
1040 4141 1097 4195 ata
1117 4140 1203 4213 πέμπ.

97 4218 146 4273 sed
167 4233 259 4288 preces
286 4218 392 4298 solemni
416 4215 490 4274 modo
512 4219 634 4274 recitatae
670 4224 763 4292 queant
778 4217 878 4274 reterri.
911 4214 970 4270 Non
986 4216 1065 4266 mulo·

142 4316 208 4378 nl.
230 4316 265 4377 P.
281 4315 306 4377 1.
999 4312 1017 4370 3
