2910 4774
541 251 751 314 ‚tuendam
772 251 810 314 ll.
917 263 923 268 ”
1173 250 1236 322 itt

120 426 304 509 ‚,blaxime‚“
321 428 429 489 itidem
444 426 538 488 etiam
553 443 623 486 eum
636 426 768 486 Urbicus
785 427 826 488 ad
841 425 1029 504 supplicium
1042 424 1155 486 abduci
1167 425 1235 484 ius·

119 543 172 602 eit.
215 540 259 600 At
279 540 335 600 ille
362 556 397 598 se
422 538 557 616 gratiam
581 554 705 613 quoque
724 537 843 597 babere
863 537 1029 615 professus
1053 537 1120 613 est,
1142 552 1235 610 quum

120 652 162 712 ab
178 651 329 728 improbis
354 649 507 709 eiusmodi
521 649 652 709 dominis
670 665 705 708 se
719 645 852 708 liberari
874 651 907 706 et
926 648 965 708 ad
986 649 1108 724 patrem
1123 663 1161 705 ao
1178 663 1235 706 re·

121 778 194 839 gem
217 761 378 822 obelorum
401 759 559 837 protioisoi
576 761 793 836 cognosceret.
838 759 962 818 Tertius
979 757 1060 818 alius
1078 773 1235 834 superve-

121 871 211 931 niens
233 872 344 930 eodem
359 871 515 948 supplicio
534 870 697 930 damnatus
715 871 773 928 est.

209 983 239 1040 3.
261 979 331 1057 bigo
356 983 449 1042 etiarn
471 983 624 1057 exspecto
641 982 675 1040 ut
697 981 736 1038 ab
756 995 863 1040 eorum
879 993 957 1053 quos
975 977 1041 1038 dixi
1061 977 1166 1053 aliquo
1181 977 1234 1036 in-

123 1091 213 1152 aldiis
230 1093 365 1168 appetar
380 1093 412 1149 et
431 1091 517 1167 ligno
532 1089 662 1166 erigar,
685 1091 739 1150 aut
753 1092 840 1148 oerte
856 1105 874 1147 a
892 1087 1060 1148 Crescente
1073 1088 1130 1148 illo
1147 1091 1234 1148 stre·

122 1201 209 1280 pitus
231 1207 263 1260 et
289 1201 508 1261 ostentationis
532 1187 682 1260 amatore.
724 1197 793 1258 Non
817 1199 896 1257 euim
918 1197 1103 1275 philosophi
1118 1196 1235 1274 appel-

122 1312 242 1372 latione
266 1311 378 1388 dignus
403 1313 470 1388 est,
501 1311 617 1390 quippe
641 1311 693 1387 qui
717 1311 757 1370 de
780 1307 871 1368 nobis
892 1324 930 1366 ea
954 1308 1079 1384 publioe
1098 1309 1235 1368 testetur

124 1513 200 1567 deaei
219 1517 286 1566 elo..
314 1511 399 1580 Atque
414 1512 461 1565 hae
475 1513 575 1565 ratione
591 1511 661 1566 Goe-
695 1516 768 1566 notat
780 1513 806 1564 in
819 1511 978 1566 Christianos
988 1509 1031 1562 illo
1049 1511 1164 1578 tempore
1179 1507 1233 1561 ral-

123 1600 179 1652 zius
201 1600 240 1667 (p.
260 1597 291 1649 16
302 1599 373 1666 sqq.)
397 1596 483 1652 edidit.
501 1627 536 1636 —
569 1596 662 1650 caete·
697 1595 727 1649 de
743 1597 872 1650 usitatum.

123 1699 181 1736 rum
210 1683 250 1734 bie
279 1683 350 1736 locus
377 1681 435 1734 inde
458 1698 471 1734 a
494 1677 579 1751 Κάγώ
610 1674 663 1736 οὖν
765 1679 791 1734 3.
813 1673 831 1749 ἢ
845 1673 908 1742 κᾶν]
925 1679 997 1733 Hane
1011 1681 1146 1733 lectionem
1162 1679 1234 1733 multi

123 1765 277 1832 προσδοκῶ
304 1781 384 1834 usque
408 1767 438 1820 ad
461 1763 522 1820 'till'
548 1762 612 1824 oder
632 1787 662 1838 pa
697 1783 797 1836 quoque
819 1765 940 1831 Eusebii‚
972 1765 1016 1831 qui
1043 1763 1118 1831 vulgo
1141 1757 1160 1832 ἢ
1184 1765 1235 1820 καὶ

123 1849 180 1922 πρὸ
194 1856 243 1906 eto.
262 1852 292 1904 ab
308 1851 419 1904 Eusebio
435 1853 457 1912 ,1.
476 1869 498 1906 e.
515 1855 558 1908 1v.
578 1871 600 1908 o.
620 1855 660 1910 16.
696 1853 788 1919 babet,
824 1850 895 1906 codd.
923 1850 982 1901 msti
1002 1849 1044 1917 (ut
1067 1851 1236 1918 antiquissimi

124 1955 150 2008 p.
167 1937 218 1990 865
230 1953 287 2006 sqq.
314 1937 561 2073 allegatffestae
601 1939 663 1992 ltlox
697 1937 811 2004 blazon,
830 1937 940 2002 Vertat,
960 1934 1181 2004 Dresd.)teneut.
1199 1964 1236 1976 -·

124 2041 172 2095 pro
190 2017 396 2088 ὠνομασμένων
435 2039 474 2089 eg.
492 2025 518 2075 et
536 2023 661 2094 Stephon.
696 2021 735 2073 De
759 2021 949 2074 Crescente
976 2025 1059 2072 aulem
1084 2021 1234 2089 philosopho

125 2110 191 2163 male
207 2105 416 2174 σ’νομασμένων.
697 2105 785 2171 cynico
801 2105 920 2156 Tatiauus
935 2105 1006 2160 Orat.
1032 2105 1086 2160 adv.
1109 2105 1187 2160 Geni.
1210 2121 1233 2160 o.

203 2196 228 2249 2.
256 2191 495 2263 ἐπιβουλευθῆναι
514 2196 577 2256 ete]
607 2192 662 2246 Ad·
699 2189 748 2241 19:
771 2191 893 2256 Kotenna
907 2181 975 2255 ode,
993 2191 1090 2259 iuquit,
1109 2185 1125 2244 ὁ
1143 2187 1237 2243 levae·

124 2283 243 2334 uertente
265 2279 370 2332 itlarano
391 2279 426 2331 ait
448 2279 548 2345 lilartyr
570 2293 663 2346 exspe-
698 2272 798 2336 τεύσαρ
817 2275 851 2346 τῇ
869 2271 980 2345 μεγάλα
1003 2272 1082 2330 πόλει
1101 2275 1236 2344 (Romae),

126 2369 197 2417 ctare
213 2380 242 2416 se
258 2368 286 2415 ut
300 2364 330 2415 ab
347 2377 433 2416 eurtum
449 2379 511 2432 quos
535 2365 664 2416 recensuit
698 2363 900 2434 παιδεραστείᾳ
923 2361 974 2429 μὲν
996 2357 1105 2422 πάντας
1126 2353 1236 2430 ’ὑπερή-

126 2447 164 2518 (σ.
183 2449 211 2518 1)
226 2449 318 2516 aliquo‚
336 2449 361 2501 b.
376 2463 399 2502 e.
417 2448 525 2500 aricino
543 2452 587 2500 aut
601 2449 664 2500 ami·
700 2465 810 2514 seynae,
824 2449 996 2520 φιλαργυρίᾳ
1012 2445 1043 2502 δὲ
1057 2443 1134 2501 πάνυ
1147 2462 1236 2514 προσ-

126 2551 157 2589 co
183 2539 226 2588 aut
248 2537 372 2600 cognato,
400 2532 498 2585 insidiis
522 2538 665 2602 appetatur,
701 2524 822 2601 εχὴςῆν.
865 2528 1237 2602 &esseantidamosso-

126 2621 168 2674 vel
192 2624 262 2674 terte
286 2620 316 2671 ab
340 2618 441 2672 inimico
465 2617 613 2672 Crescente.
631 2647 666 2657 -
699 2621 758 2674 vais
777 2613 867 2682 οὕτως
884 2613 972 2674 αὐτόν
992 2619 1093 2674 ἐδεδίει
1113 2617 1164 2674 τόν
1176 2617 1237 2674 θά-

127 2705 203 2773 Quod
222 2705 314 2756 attinet
328 2701 359 2755 ad
377 2703 453 2754 verba
472 2719 535 2771 quae
552 2719 665 2772 sequuu-
699 2723 796 2769 aaron,
815 2701 853 2767 oie
867 2704 913 2759 nel
927 2700 1088 2770 ’leverinae
1105 2703 1237 2773 καθάπερ

126 2795 188 2858 tur,
206 2787 255 2842 aei
269 2787 343 2858 ξύλῳ
357 2785 524 2858 ἐμπαγῆναι,
545 2790 607 2841 mira
625 2789 665 2841 le·
699 2790 748 2844 aei
768 2789 830 2859 ἐμέ,
859 2785 897 2852 ede
913 2791 962 2856 (ita
981 2807 1036 2844 cum
1052 2789 1168 2843 Gesnero
1189 2805 1236 2858 pro

126 2875 219 2930 ationis
239 2873 407 2941 discrepantia
429 2877 469 2925 est
494 2873 560 2941 apud
580 2873 665 2929 Euse-
701 2869 751 2940 οὓς
772 2877 840 2945 lego)
864 2877 941 2947 κακῷ
958 2875 997 2946 τῷ
1014 2869 1133 2942 θανάτῳ
1155 2893 1237 2941 περι·

125 2960 210 3013 bium:
229 2958 285 3012 cod.
303 2959 398 3014 blazar.
419 2949 473 3011 ade
494 2954 566 3028 ξύλῳ
589 2957 666 3015 lata·
700 2964 797 3034 βαλεῖν
813 2959 1086 3032 πραγματεύσασθαι
1103 2965 1168 3016 etc..
1201 2961 1238 3014 Ut
1307 2985 1317 3004 ο

126 3045 257 3112 saptiam,
276 3044 370 3100 Fallet.
385 3044 433 3099 uel
450 3041 516 3111 ἑσξ.
532 3041 597 3110 ἕνα,
617 3046 666 3098 Sa·
703 3048 785 3100 obiter
801 3048 906 3116 addam,
934 3046 1029 3099 rectius
1060 3045 1239 3115 Κρήσκεντσρ

126 3131 170 3185 vit.
195 3121 250 3182 ude
274 3126 304 3183 ἐν
327 3129 350 3194 ξ.
374 3127 439 3195 ἕνα,
458 3131 550 3186 ltledie.
572 3130 618 3186 aei
637 3128 667 3186 ἐν
701 3145 748 3198 pro
775 3133 878 3200 vulgato
906 3132 1072 3196 Kolonevaoe
1101 3133 1237 3202 scribitur3

129 3216 153 3282 ξ.
175 3213 333 3284 ἐσταγῆναι.
357 3215 451 3270 Cluen.
478 3217 595 3285 paschale
619 3221 666 3272 καὶ
701 3219 738 3270 sio
766 3233 856 3271 revera
882 3217 945 3284 legit
973 3217 1148 3284 Niceplrorus:
1179 3233 1238 3272 uam

128 3301 152 3368 ξ.
183 3299 392 3369 danavexeriam.
448 3297 674 3368 Aequiescendum'
702 3300 829 3371 Κρήσκης
846 3307 885 3354 est
904 3303 921 3355 i.
938 3318 963 3370 q.
983 3301 1122 3369 Orestem,
1148 3319 1238 3372 quem-

128 3388 207 3455 igilur
234 3388 261 3438 in
289 3386 414 3452 scriptura
444 3391 565 3453 recepta,
602 3403 666 3454 quae
702 3389 833 3442 admodum
850 3385 964 3457 Κλήμης
978 3387 1042 3455 (uon
1059 3389 1176 3457 liliano)
1198 3389 1239 3442 di-

129 3472 258 3526 eodicibus
272 3471 362 3522 lustini
379 3471 443 3536 Bag.
459 3475 485 3524 et
498 3472 565 3524 Clar.
580 3471 665 3524 firma·
701 3475 768 3526 citur
788 3475 813 3529 b.
828 3491 851 3528 e.
872 3475 998 3528 Clemens.
1026 3472 1071 3524 llla
1092 3474 1172 3528 torma
1188 3475 1239 3527 ita-

128 3559 173 3609 tur
192 3561 218 3610 et
234 3557 264 3608 ab
286 3555 425 3608 editoribus
441 3557 564 3623 probatur
585 3557 666 3608 omni·
701 3561 779 3612 cismo
793 3561 916 3627 originem
933 3559 1027 3612 debere
1043 3557 1158 3627 videtum
1182 3561 1238 3615 ride

127 3641 185 3694 bus.
220 3640 375 3693 Multimodis
400 3645 483 3693 autem
503 3641 667 3708 interpretati
702 3645 777 3711 Apol.
798 3645 820 3698 1.
852 3660 874 3697 e.
892 3645 935 3696 20.
959 3659 985 3696 u.
1004 3645 1027 3698 i.
1069 3644 1139 3708 Quae
1162 3647 1239 3712 quum

127 3729 189 3778 sunt
215 3721 309 3790 ξύλου.
335 3724 456 3778 Rufinus:
487 3725 614 3779 barrato
642 3730 668 3780 et
702 3729 777 3779 etiarn
792 3725 856 3794 apud
867 3727 1008 3794 labienum,
1021 3728 1239 3796 Eusebium,Sui·

127 3809 229 3861 clavo
267 3810 424 3878 [enarratum.
468 3811 599 3874 Valesius:
637 3811 667 3862 io
703 3811 758 3864 dam
775 3812 934 3876 irruentem,
954 3811 1063 3863 nondum
1084 3827 1160 3865 ausus
1183 3818 1239 3866 sum

127 3909 273 3946 nervom
291 3897 433 3964 compinpi.
468 3895 606 3947 bleranus:
634 3895 669 3947 od
702 3897 845 3949 immutare.
864 3923 900 3932 -
932 3895 992 3947 ltloa
1008 3911 1054 3964 pro
1070 3893 1240 3965 φιλοψόφσν

126 3979 289 4046 stipitem
314 3980 421 4049 ussspor.
440 3979 584 4034 Braunius:
608 3994 668 4030 αα·
702 3980 797 4033 Euseb.
816 3974 1001 4046 ἅφιλσσόφσα
1015 3983 1129 4050 praebet.

128 4063 243 4116 mello.
281 4065 356 4118 llaud
372 4064 462 4131 dubie,
481 4064 502 4116 si
515 4062 574 4130 quid
586 4061 668 4128 video,
771 4064 796 4117 4.
820 4059 978 4129 iniuratm]
1006 4065 1241 4133 Stephanusvitia·

128 4147 248 4200 erutis
274 4148 319 4216 (de
344 4151 390 4201 hae
406 4149 518 4200 lustinus
545 4162 668 4216 persaepe
702 4164 731 4202 se
745 4145 924 4202 ἐπίστασθαι.
943 4150 1070 4204 Eusebius
1086 4143 1117 4213 te
1132 4168 1161 4219 pe
1176 4147 1241 4219 napi

127 4230 171 4288 'lto
195 4232 316 4303 vocabule
339 4233 434 4301 utitur)
453 4232 602 4301 supplicium
622 4233 668 4287 de·
703 4223 748 4287 ds
766 4228 805 4303 μή
821 4230 979 4294 ἐπίσταται.
