2910 4774
451 249 455 254 '
549 245 757 313 Aeouoom'
782 245 810 310 Ἰ.
924 248 929 256 ’
1176 247 1239 318 153

129 435 202 482 esse
218 418 324 482 dicunt
344 418 518 497 arguuntur
538 435 597 482 nec
610 419 733 499 patrem
753 419 853 498 seire,
875 434 934 480 uec
948 417 1045 482 filium
1063 435 1136 482 csse
1153 423 1239 502 patri

127 531 348 592 universorum
368 545 579 607 cognoscere,
605 531 667 608 qui,
687 548 780 608 quum
795 530 889 608 logos
903 530 945 589 sit
965 531 998 589 et
1012 532 1239 610 primogenitus

129 641 198 718 dei,
223 640 317 700 etiarn
334 640 413 700 deus
435 641 494 700 ost.
536 639 586 701 Ae
601 641 690 718 prius
715 641 840 717 quidem
855 639 936 700 llosi
958 641 991 698 et
1005 643 1142 702 caeteris
1159 659 1242 722 pro-x

128 749 235 828 phetis
257 749 288 810 in
311 749 419 827 specie
440 749 523 828 ignis
549 751 583 810 et
606 750 741 827 imagine
764 751 952 827 incorporea
965 750 1054 811 visus
1072 751 1137 810 est:
1159 767 1241 814 nuno

129 861 233 920 antem
257 859 452 936 temporibus
475 860 577 919 vestri
601 859 725 938 imperii
746 876 787 919 ex
806 860 945 938 virgine,
966 862 1001 922 ut
1019 861 1080 922 iam
1096 861 1240 940 diximus,

129 968 299 1052 secundum
312 969 414 1047 patris
431 969 625 1030 voluntatem
639 985 700 1046 pro
718 985 828 1028 eorum
844 968 947 1028 salute
964 969 1016 1044 qui
1031 971 1094 1048 ipsi
1109 971 1241 1032 credunt

129 1077 223 1138 homo
246 1077 349 1138 lactus
369 1081 404 1140 et
418 1096 477 1158 pro
491 1079 590 1140 nihilo
607 1078 720 1139 haberi
737 1081 769 1138 et
785 1079 852 1155 pati
869 1078 1034 1156 sustinuit,
1055 1081 1091 1140 ut
1103 1081 1241 1162 moriens

130 1205 169 1248 ac
189 1205 361 1278 resurgens
385 1189 528 1248 vinceret
551 1190 692 1248 mortem.
741 1187 831 1258 Quod
851 1189 954 1248 autem
977 1203 995 1246 e
1018 1189 1098 1249 rubo
1125 1191 1242 1251 dietum

131 1299 183 1364 est
207 1297 301 1358 llosi:
335 1293 412 1379 Ego
432 1317 503 1359 sum
521 1295 680 1360 exsistens
694 1293 770 1372 ille,
803 1291 883 1358 deses
908 1293 1085 1360 Abrahami
1108 1299 1140 1361 el
1162 1293 1244 1362 deus

132 1402 241 1468 [socci
265 1407 298 1470 et
318 1403 399 1470 decus
424 1403 534 1470 Iacchi
556 1407 588 1470 et
604 1403 686 1470 deus
701 1409 834 1491 potrum
849 1407 992 1492 tuorum,
1014 1409 1170 1486 significat
1185 1425 1242 1470 eos
1284 1412 1287 1416 ’

130 1517 226 1578 etiam
253 1519 478 1600 postmortem
499 1535 626 1578 manere
648 1519 810 1596 ipsiusque
836 1515 955 1576 Christi
981 1517 1122 1578 homines
1150 1535 1242 1596 esse;

131 1627 247 1688 etenim
261 1627 355 1704 primi
371 1628 504 1688 omnium
519 1627 676 1688 hominum
695 1628 726 1686 iu
743 1627 794 1687 dei
808 1627 1009 1702 inquisitione
1025 1629 1145 1688 versati
1161 1630 1243 1706 suut,

128 1735 329 1796 Abrahamus
347 1737 470 1813 quidem
482 1739 575 1815 pater
589 1737 706 1815 Issaei,
727 1736 855 1797 Isaaeus
869 1739 972 1798 autem
986 1736 1108 1816 lacobi,
1132 1753 1244 1816 quom·

131 1846 298 1907 admodum
309 1846 415 1915 Moses
432 1863 556 1924 quoque
575 1846 773 1925 perscripsit.
814 1915 816 1919 ,

209 2055 269 2118 'ou
289 2057 393 2135 Atque
409 2059 459 2137 id,
479 2060 514 2119 ut
539 2059 737 2120 simulacrum
751 2056 964 2137 Proserpinae
978 2075 1057 2137 quae
1074 2058 1189 2120 dieitur
1202 2057 1245 2120 ao

132 2183 285 2244 aquarum
307 2169 412 2230 sontes
440 2170 635 2247 erigeretur,
671 2169 833 2230 molitione
857 2170 1039 2230 daemonum
1063 2169 1245 2247 contigisse,

132 2279 187 2354 qui
208 2279 293 2338 illam
321 2279 405 2340 Iovis
418 2279 526 2340 'filiam
553 2297 626 2340 esse
649 2280 795 2340 dixerunt
825 2297 863 2340 ac
889 2280 990 2340 verba
1009 2279 1107 2340 Moris
1133 2277 1246 2338 imitati

132 2390 223 2466 sunt,
247 2405 287 2448 ex
310 2391 501 2467 supradietis
520 2390 704 2468 perspicere
727 2390 875 2467 potestis.
920 2388 1009 2448 Dixit
1035 2390 1116 2448 enim
1139 2389 1246 2450 Moses

132 2499 169 2558 ut
193 2501 510 2578 suprascripsimus:
536 2496 703 2580 Principio
719 2493 807 2586 fecit
831 2495 911 2560 deus
927 2495 1047 2562 coelum
1064 2499 1096 2560 et
1113 2498 1246 2560 terrem.

138 2601 243 2669 Terra
260 2609 367 2670 autem
383 2609 455 2672 erat
472 2605 742 2694 ioodspectolilis
758 2609 792 2671 et
806 2605 1035 2692 incomposita,
1057 2609 1090 2671 et
1108 2606 1248 2692 spiritus

133 2711 191 2780 dei
207 2710 382 2802 serebatur
403 2737 502 2804 super
525 2737 635 2800 aquas.
678 2719 730 2778 Ad
755 2718 959 2778 imitationem
982 2736 1060 2796 ergo
1084 2719 1171 2778 illius
1195 2717 1247 2778 dei

133 2829 282 2920 spiritus,
304 2832 356 2906 qui
372 2847 469 2908 super
486 2846 598 2905 aquam
615 2827 695 2888 ferri
714 2829 815 2888 dictus
830 2828 895 2906 est,
916 2826 1140 2912 Proserpinam
1160 2827 1247 2888 Iovis

18 2960 21 2964 >
132 2925 231 2999 ulnam
252 2942 415 3000 vocarunt.
457 2937 561 2999 utram
586 2939 760 2998 Minervam
781 2937 876 2997 simili
897 2937 1036 3012 nequitia
1050 2937 1146 2996 oriam
1160 2935 1247 2996 lovis

134 3049 300 3127 dixerunt,
322 3051 417 3126 idque
434 3065 496 3108 non
512 3065 552 3108 ex
572 3049 752 3126 concubitu,
773 3048 845 3124 sed,
872 3063 964 3124 quum
982 3047 1126 3106 muudum
1141 3063 1160 3106 a
1176 3047 1247 3124 deo,

133 3161 303 3237 postquam
326 3159 492 3242 cogitavit,
531 3158 687 3218 conditum
712 3174 783 3216 esse
810 3174 869 3234 per
891 3157 988 3235 logon
1012 3155 1247 3232 cognovissent,

10 3289 11 3292 ¹
26 3294 30 3299 ·
134 3269 268 3346 primam
284 3269 373 3328 velut
387 3269 545 3328 notionem
562 3268 707 3328 dixerunt
722 3267 910 3326 Minervam:
935 3267 1018 3342 quod
1032 3265 1155 3341 quidem
1169 3280 1248 3341 per·

135 3378 301 3438 ridiculum
318 3380 463 3456 putamus
489 3394 578 3455 esse,
599 3377 783 3437 muliebrem
806 3375 937 3435 formam
953 3376 994 3436 ad
1008 3375 1173 3452 imaginem
1187 3390 1248 3434 no-

135 3488 232 3548 tionis
257 3485 490 3565 exprimendam
510 3488 669 3548 inducere.
712 3487 863 3547 Similiter
885 3485 1026 3563 reliquos
1050 3503 1174 3564 quoque
1195 3483 1249 3562 qui

137 3597 282 3658 dicuutur
297 3596 382 3658 Iovis
398 3598 480 3672 filios
497 3597 587 3676 ipsae
603 3599 744 3658 actiones
762 3597 964 3674 redarguunt.

139 3795 183 3850 68.
203 3795 233 3864 (t,
248 3795 305 3852 eoll.
319 3811 341 3851 c.
355 3793 399 3853 46.
780 3794 806 3849 ἰ.
831 3790 882 3848 Ἐν
896 3835 902 3848 .
915 3831 940 3847 ..
955 3788 1081 3856 ὑδάτων]
1109 3790 1203 3846 Gener.
1222 3788 1248 3860 1,

210 3875 468 3951 17.'ln“po'...ooe]
490 3876 677 3948 uxon.s‚14.
715 3881 797 3948 leq..

140 3965 183 4020 15.
202 3995 237 4006 -
274 3967 313 4020 Dc
336 3968 369 4020 iis
392 3981 455 4034 quae
481 3969 622 4035 sequuntur
644 3965 676 4019 cl.

139 4049 232 4105 Metili.
247 4051 291 4122 22,
308 4051 342 4106 31
353 4068 410 4120 sq..
781 4047 807 4103 3.
828 4041 1012 4114 lwoqtlu‘ne]
1036 4045 1057 4101 l.
1075 4059 1098 4100 e.
1115 4046 1249 4112 postquam

210 4137 235 4191 1.
262 4133 303 4202 οἷς
324 4129 556 4208 cooperientem]
586 4133 615 4189 0.
635 4132 677 4187 59.
713 4133 800 4186 munli
820 4131 950 4200 exemplar
971 4131 998 4184 iu
1013 4131 1071 4198 logo
1087 4143 1133 4184 suo
1151 4125 1249 4182 ‹leseri-

140 4237 166 4290 p,
183 4220 227 4278 92.
240 4222 272 4279 Ι).
306 4215 309 4222 '
714 4216 774 4286 psit.
810 4217 949 4274 Mortuus.
