2910 4774
550 300 759 366 APOLOGIA
783 303 821 364 ll.
1190 303 1256 372 203

143 477 310 556 praeclaro
333 475 457 536 loeutus
474 475 541 554 est5
570 474 623 551 qui
640 477 743 536 autem
766 491 871 535 senum
887 475 948 552 ipsi
964 475 995 534 in
1011 475 1108 536 rebus
1124 477 1256 554 gravio-

141 589 232 648 ribus
251 585 429 665 pugnarunt
442 601 498 644 eos
512 588 698 645 oonsooutos
712 599 773 644 non
788 601 860 646 esse
875 587 1009 662 apparat
1025 587 1187 646 seientiam
1200 587 1257 646 lir-

142 714 225 758 mam
241 700 274 756 ot
287 696 497 774 cognitionem
521 711 600 770 quae
619 695 728 754 refelli
745 697 890 771 nequeat.
937 695 1145 771 Quaecunque
1159 696 1257 772 igitur

143 808 229 884 apud
246 823 353 866 omnes
373 804 539 884 praeclare
563 805 752 882 diota-sunt,
783 807 893 864 nostra
908 804 1155 866 Christianorum
1168 807 1257 879 sunt;

143 918 250 976 natum
272 917 353 975 onim
376 931 417 974 ex
436 915 576 992 ingenito
600 917 633 974 et
655 915 859 974 inenarrabili
886 915 946 974 deo
968 914 1065 992 logon
1088 915 1257 982 secundum

144 1025 239 1086 doum
265 1026 432 1086 adoramus
448 1025 481 1082 et
501 1040 648 1102 amamus,
673 1025 922 1100 quandoquidem
941 1027 1075 1102 proptor
1090 1041 1148 1084 nos
1163 1025 1257 1084 bomo

143 1134 249 1195 faetus
264 1137 323 1212 est,
343 1137 379 1195 nt
391 1134 630 1212 perpessionum
645 1138 823 1195 nostrarum
834 1135 995 1212 particeps
1009 1134 1111 1196 faetus
1127 1135 1258 1195 medici·

144 1261 218 1306 nam
231 1245 321 1304 nobis
336 1245 467 1303 faceret.
490 1243 669 1320 Scriptores
687 1245 768 1304 enim
786 1261 892 1304 omnes
906 1261 964 1321 per
980 1245 1106 1305 insitum
1119 1245 1187 1322 logi
1202 1261 1257 1304 se-

143 1373 215 1417 men
240 1355 411 1433 potuerunt
428 1370 538 1414 verum
561 1355 672 1413 videre
694 1356 751 1414 sod
767 1356 970 1415 subobscure.
1006 1353 1085 1414 Nam
1104 1355 1190 1416 alind
1208 1355 1259 1414 est

144 1483 252 1553 semen
265 1465 397 1524 alieuius
413 1466 445 1523 ot
465 1463 589 1540 efligies
606 1481 664 1540 pro
680 1465 802 1525 viribus
821 1481 982 1542 concessa,
1004 1467 1037 1523 et
1053 1465 1140 1524 aliud
1154 1465 1257 1541 ipsum

144 1575 227 1636 illud
245 1576 333 1635 ouius
349 1575 581 1634 eommunioatio
598 1576 631 1634 et
645 1574 777 1634 imitatio
794 1575 962 1634 seeundum
977 1574 1112 1651 gratiam
1128 1573 1168 1633 ab
1186 1575 1257 1654 ipso

144 1685 383 1764 provenientem
400 1685 590 1744 conceditur.

232 1821 282 1879 td.
306 1819 505 1902 Quapropter
519 1835 577 1906 vos
597 1825 743 1896 rogamus
758 1818 921 1878 utbunooe
940 1817 1092 1895 libellum,
1114 1817 1257 1880 subseri-

144 1929 257 1990 bentes
272 1930 355 2006 quod
370 1929 461 1988 vobis
476 1929 590 2006 planet,
612 1929 829 2006 promulgetis,
851 1931 885 1988 ut
905 1929 1040 1988 caeteris
1057 1945 1180 2004 quoque
1196 1945 1257 1988 no-

146 2042 214 2100 stra
229 2040 426 2098 innotescant
443 2041 475 2096 et
492 2037 576 2097 falsa
592 2038 738 2115 opinione
757 2038 970 2113 bonarumque
986 2055 1091 2098 rerum
1105 2039 1258 2114 ignoran-

145 2149 192 2209 tia
213 2151 327 2226 queant
349 2149 497 2208 liberari:
521 2149 574 2224 qui
600 2149 725 2224 quidem
750 2147 914 2224 suppliciis
936 2147 1029 2224 culpa
1054 2165 1111 2206 sua
1128 2147 1257 2208 obnoxii

146 2259 244 2336 fiunt,
272 2259 346 2334 'quia
370 2260 502 2318 naturae
526 2257 683 2318 bominum
703 2257 786 2316 inest
811 2257 945 2318 facultas
964 2257 1175 2334 cognoscendi
1195 2257 1258 2316 ho·

148 2370 231 2430 nesti
244 2371 277 2429 et
291 2368 410 2446 turpis;
432 2369 497 2428 tum
510 2369 642 2445 propter
656 2384 725 2446 nos,
748 2385 827 2445 quos
841 2367 890 2427 illi
906 2367 988 2427 tales
1003 2368 1159 2445 ignorant,
1177 2383 1257 2444 qua·

146 2569 313 2643 έπηιῖξεται,
332 2566 399 2628 ὅσον
421 2571 499 2641 παρὰ
518 2570 570 2642 τήν
588 2565 685 2641 ripari-
718 2574 863 2643 unpassend
878 2573 931 2628 und
948 2573 1053 2628 stirend
1071 2573 1120 2642 da,
1146 2573 1258 2626 sondern

147 2681 201 2730 pov
219 2657 359 2727 ἀμέλειαν.
386 2659 481 2712 Verum
498 2675 553 2712 rem
568 2661 685 2712 tamcla-
720 2659 777 2712 sind
798 2661 861 2712 auch
883 2659 923 2712 die
950 2660 1035 2712 blosse
1058 2659 1206 2724 Tauiologie
1225 2673 1258 2710 zu

145 2763 201 2802 ram
223 2747 277 2799 aliis
299 2745 422 2814 exemplis
449 2743 599 2796 confirmare
626 2744 686 2813 quid
721 2737 798 2806 ὅπως
819 2743 867 2797 καὶ
888 2749 949 2806 τοῖς
972 2737 1065 2802 ἄλλοις
1083 2739 1119 2794 roi
1137 2736 1258 2810 ἡμέτερα

147 2831 214 2884 aliud
232 2835 272 2883 est
286 2831 335 2882 nisi
356 2829 446 2882 lectori
464 2829 599 2882 convitium
616 2831 685 2882 lace·
719 2830 848 2898 proripi,
866 2829 917 2881 und
933 2827 1142 2881 tvalrrscheinlieb
1157 2843 1201 2880 aus
1218 2828 1257 2880 eiss

145 2915 195 2969 rei
215 2943 249 2954 -
265 2915 300 2966 Ut
317 2915 400 2966 obiter
416 2913 521 2980 addam,
539 2913 685 2966 Mazoclnius
719 2929 768 2965 ner
793 2912 951 2980 Randglosse
977 2911 1143 2980 entstanden‚
1177 2912 1257 2965 dorob

148 3002 189 3069 (in
197 2999 322 3055 Gallandii
334 2998 454 3050 biblioth.
465 3003 527 3052 vett.
541 2999 593 3052 ΡΡ.
613 2999 684 3050 Tom.
721 2998 761 3050 die
782 2998 828 3051 der
850 2998 934 3050 lnhall
956 2997 1002 3050 der
1021 2997 1112 3050 beiden
1137 2997 1257 3050 Schluss-

145 3085 167 3139 l.
183 3100 209 3154 p.
222 3083 286 3150 712)
303 3082 404 3135 mallet:
433 3077 476 3144 οἷς
492 3084 551 3150 (pro
569 3080 611 3152 oi)
626 3101 684 3135 πα·
719 3084 811 3151 capitol
826 3085 973 3150 arrgegeben
986 3081 1089 3136 werden
1104 3082 1193 3148 sollte,
1216 3080 1256 3135 dia

145 3168 183 3238 od
201 3189 225 3223 τ.
250 3166 271 3222 i.
293 3167 387 3219 αἰτίαν
400 3166 516 3234 (supplet
530 3167 571 3219 hic
590 3161 683 3236 ἡμέτε-
719 3167 908 3234 Aullorderung
929 3185 962 3220 an
982 3169 1022 3221 die
1043 3166 1134 3219 beiden
1153 3167 1256 3232 Kainon,

146 3272 192 3322 ραι
214 3257 258 3306 aut
279 3250 456 3318 Χριστιανοῆ
478 3243 639 3306 ὖπεύθανοι
658 3271 683 3306 r.
719 3251 788 3304 diese
816 3253 913 3305 Sebrilt
946 3268 978 3305 zu
1016 3250 1255 3304 verdllentlicben.“

145 3355 203 3404 τιμ.
235 3337 379 3406 γίνονται,
413 3337 439 3390 b.
468 3353 491 3391 e.
520 3339 592 3405 opud
620 3354 684 3406 ανον
719 3337 769 3401 Qui
782 3337 809 3389 in
824 3335 895 3390 codd.
917 3337 989 3390 mstis
1010 3339 1146 3388 versantur
1163 3341 1258 3404 negant

145 3420 289 3490 (ethnicos)
308 3424 383 3475 rotello
405 3439 455 3474 creo
472 3423 551 3490 culpo
575 3421 684 3476 obnoxii
719 3421 852 3491 quidquam
875 3437 931 3475 csse
959 3421 1087 3487 vulgarius
1114 3419 1257 3473 huiusmodi

142 3508 238 3573 poenis
254 3506 419 3575 (Christiani)
436 3507 511 3577 fiunt.
541 3505 594 3559 Aut
609 3507 684 3574 (nihil
719 3508 827 3562 erratis:
856 3521 903 3560 nec
927 3509 980 3558 tam
1001 3505 1078 3558 lidum
1097 3505 1256 3558 librariorum

145 3589 301 3660 supplendo)
317 3594 370 3646 sie:
390 3588 637 3660 otenwopsoa.
649 3621 684 3633 -
718 3593 870 3662 mancipium
890 3605 966 3660 'sum,
991 3593 1021 3642 ut
1038 3591 1079 3644 bie
1103 3605 1155 3643 non
1175 3589 1256 3642 corri-

144 3673 235 3726 Verbis
255 3675 363 3744 denique
390 3675 538 3744 τιμωρίαις
556 3676 684 3743 γίνονται
719 3693 786 3744 gam.

146 3758 207 3810 satis
218 3759 375 3813 incommode
386 3763 411 3813 in
424 3761 495 3815 codd.
509 3762 580 3812 mstis
593 3763 619 3813 et
630 3761 684 3814 cdi·
787 3803 803 3854 3
832 3800 881 3855 M
899 3800 945 3866 τό]
973 3800 1042 3854 codd
1069 3800 1128 3852 mm
1148 3805 1175 3852 et
1196 3765 1258 3856 edm

144 3843 178 3894 tis
190 3844 283 3897 bosone
297 3845 437 3898 adduntur:
457 3845 496 3906 εἰς
508 3842 541 3899 τὸ
556 3846 685 3914 yvonii·
719 3881 782 3954 ‘m'
802 3888 868 3956 quod
884 3889 933 3940 iam
946 3885 1081 3936 ferimus
1103 3885 1152 3938 ispa
1177 3889 1257 3938 rapo.

247 3932 259 3946 „
305 3926 313 3946 ‚
387 3926 393 3941 ι
531 3931 542 3944 .
653 3929 668 3943 ..

145 3945 193 4026 '‘f“
212 3947 272 3991 '⁰²⁶
294 3931 461 3997 “⁹⁰⁰⁰”w‘3
488 3947 590 4027 'W'
627 3929 684 3982 Eu‘
719 3987 751 4025 ne
772 3971 894 4039 (caeteris
926 3969 1021 4024 criticis
1044 3970 1256 4038 assentientibus)

146 4012 234 4065 orendo
248 4028 310 4066 vero
325 4029 354 4066 ea
369 4031 426 4068 esse
438 4015 603 4067 Scbmtzerus
620 4027 683 4080 quo·
719 4053 869 4110 emendavit·

146 4113 193 4166 qne
218 4096 305 4168 (Neue
329 4097 389 4150 deo.
414 4100 483 4167 Allp.
508 4097 684 4152 Libro-Zei-

145 4187 209 4250 toop
234 4181 310 4237 184⁵.
336 4183 368 4236 N.
385 4181 428 4236 71.
450 4198 475 4250 p.
491 4181 556 4252 282)
575 4183 682 4237 censuit.
788 4179 812 4236 4.
842 4176 1038 4250 promoconde]
1067 4180 1122 4234 Hoc
1149 4179 1256 4234 activum

146 4267 239 4336 „baon
262 4269 299 4324 sio
327 4269 418 4323 slehen
440 4269 511 4322 nicht
540 4270 596 4323 blos
620 4283 683 4337 ganz
718 4267 803 4320 verius
831 4271 871 4322 est
896 4283 970 4338 quam
995 4266 1063 4334 vulg.
1094 4259 1257 4334 ννωρισνόν,
