2914 4774
132 412 288 499 areniot,
313 410 457 502 opinor,
483 419 522 480 ut
537 409 700 482 facillime
716 433 910 499 careamus,
937 413 1084 504 quorum
1105 419 1246 508 gratim

132 559 273 631 temper
300 532 423 606 suadet
447 536 613 628 penuria,
655 537 871 629 amplissimis
898 539 965 610 illis
993 551 1132 633 patrum
1163 545 1245 616 thc-

133 665 240 736 esuris
267 664 434 732 maiorum
457 662 623 731 munoria
647 663 815 748 conditis,
839 665 1081 756 relinquendis.
1098 671 1244 762 posthac

131 792 214 879 illis,
236 811 325 882 quos
340 789 488 858 nurima
505 799 586 858 cura
602 798 637 856 et
652 787 849 881 ingentibus
867 793 1032 862 sumtibus
1047 797 1147 870 nobis
1163 799 1243 870 illos

131 918 334 1010 praeripere
354 915 568 1015 accepimus,
599 913 710 984 doctis
729 917 808 986 vbis
830 917 923 1012 apud
941 929 1088 990 exteros

236 1041 309 1111 Sed
327 1050 366 1112 nt
395 1041 441 1110 ad
466 1037 745 1110 humanissimum
769 1041 870 1112 huius
896 1045 976 1114 libri
994 1047 1162 1118 editorem
1185 1071 1243 1122 ro·

132 1169 293 1256 deumne,
316 1189 388 1236 non
407 1189 509 1236 unam
524 1168 555 1236 is
570 1167 661 1236 hanc
679 1175 815 1259 mum
834 1169 1144 1260 antiquissimorum
1166 1175 1242 1246 edi·

131 1295 263 1362 tionem
295 1293 496 1380 meditatur,
533 1293 640 1361 modo
668 1315 713 1362 ne
738 1295 852 1386 ipsum
872 1293 1014 1366 deficiat
1037 1295 1242 1370 idoneorum

131 1421 373 1508 bonmumque
387 1419 593 1488 arbitrorum
608 1420 783 1488 voluntase
797 1443 865 1510 qua
877 1423 989 1515 ipsum
1005 1423 1242 1517 dignissimum

130 1567 205 1614 esse
242 1545 390 1614 arbitror
423 1567 536 1634 neque
571 1546 888 1635 commendatione,
930 1569 1008 1617 mea
1040 1553 1240 1645 praecipua,

131 1695 221 1763 opus
237 1671 378 1740 habere.
400 1669 449 1740 Et
465 1673 532 1740 rari
551 1680 629 1741 sunt
647 1673 785 1744 iuuenca
803 1673 861 1761 qui
876 1673 1113 1766 theologicam
1138 1678 1239 1748 d'nci-

72 1835 74 1842 ·
130 1795 261 1891 plinam
276 1799 324 1866 ita
344 1795 478 1885 colant,
498 1807 537 1864 ut
553 1806 688 1888 partem
713 1797 784 1866 eius
801 1797 931 1868 nnllam
949 1800 1149 1891 negligant,
1175 1803 1240 1872 dc.

129 1923 212 1992 inde
230 1925 333 1992 animi
357 1924 558 1992 christianae
575 1907 703 1990 'causae
722 1923 958 2008 amantissimi,
983 1927 1089 2011 recti,
1115 1927 1240 1996 sobrii:

108 2072 220 2138 ,quae
238 2057 360 2117 cuncta
383 2051 418 2116 in
444 2048 513 2117 hoc
536 2049 658 2117 iuvene
687 2049 874 2141 diligimus.

231 2174 279 2242 At
295 2196 425 2244 summa
442 2177 470 2244 is
485 2175 665 2267 diligentie
678 2184 713 2244 et
726 2176 851 2267 insigni
866 2185 988 2265 paratu
1004 2200 1076 2244 rem
1092 2201 1239 2270 aggres-

128 2324 185 2370 sus
202 2309 264 2386 est,
283 2309 327 2386 et,
350 2299 467 2389 quoad
483 2301 643 2391 egovidi,
659 2301 741 2368 licet
752 2321 919 2391 perquam
936 2301 1105 2370 lubricum
1119 2313 1155 2372 et
1167 2303 1240 2374 dis-

127 2426 286 2518 putabile
303 2425 396 2494 istud
413 2426 593 2517 negotium
609 2426 662 2511 sit,
685 2427 796 2517 perite
815 2426 887 2517 egit
905 2435 939 2493 et
954 2425 1108 2495 feliciter.
1138 2431 1238 2516 Nam,

128 2559 167 2618 ut
183 2551 266 2619 hinc
285 2549 461 2638 exordiar,
486 2559 580 2618 recte
602 2551 702 2637 fecit,
734 2551 830 2640 quod
851 2573 910 2620 eos
930 2552 1023 2620 solos
1044 2553 1151 2622 libros
1167 2553 1238 2624 huc

129 2675 308 2767 cogendos
337 2678 518 2746 arbitratus
541 2685 610 2763 est,
647 2678 706 2766 qui
733 2677 847 2766 aliqua
870 2699 947 2744 curn
970 2677 1171 2746 auctoritate
1194 2680 1239 2746 ad

128 2802 296 2870 lustinum
311 2801 503 2894 Martyrem
522 2801 735 2870 referuntur:
764 2801 923 2868 nimirum
944 2802 1153 2888 orationem,
1176 2825 1238 2870 co-

127 2928 379 3013 hortationem,
420 2928 466 2996 de
491 2925 689 2996 monarchia
727 2911 895 2992 nes'cimus
922 2947 966 2990 an
994 2924 1237 3014 fragmentum,

127 3063 309 3144 utramque
325 3054 553 3146 apologiam,
569 3051 765 3141 dialogum,
788 3048 1000 3141 fragmenta:
1026 3049 1109 3116 licet
1135 3051 1237 3118 mini-

126 3201 184 3247 me
202 3180 455 3248 contemnenda
468 3179 534 3247 sint
549 3177 675 3268 scripta
691 3174 931 3267 philosophici
949 3175 1154 3267 argumenti,
1177 3175 1237 3244 lu-

127 3305 205 3374 stini
226 3329 314 3394 quae
336 3327 464 3373 nomen
485 3324 672 3395 perperam
699 3301 821 3370 tulere.
874 3300 1017 3370 Summo
1038 3301 1141 3368 etiam
1163 3301 1237 3370 iure
1291 3362 1294 3367 .

128 3430 310 3522 epistolam
341 3430 473 3522 recepit
492 3429 670 3520 Diogneto
693 3427 912 3519 inscriptam,
944 3426 1126 3519 egregium
1147 3426 1237 3494 anti-

128 3555 309 3644 quissimae
325 3555 448 3624 mentis
472 3554 672 3622 christianae
690 3561 965 3620 monumentum:
990 3551 1086 3642 quod
1109 3574 1154 3618 an
1177 3549 1237 3620 lu-

127 3681 205 3748 stini
237 3681 297 3766 sit,
333 3681 436 3748 etiam
462 3679 570 3747 hodie
596 3679 729 3766 aliquos
752 3679 927 3770 ambigere
945 3677 1113 3744 novimus.
1165 3673 1238 3742 Sed

128 3827 230 3894 quam
250 3804 314 3872 sibi
332 3805 443 3872 editor
459 3804 503 3872 de
521 3805 734 3895 singulorum
751 3804 918 3871 librorum
935 3789 1133 3870 auctoritate
1155 3821 1236 3865 sen-

125 3929 267 3996 tentiam
290 3929 542 4014 informaverit,
562 3930 650 4004 ,licet
672 3929 932 4020 prolegomenis
959 3945 1136 4014 exponere
1160 3922 1236 3988 ani-

126 4075 200 4122 mus
217 4075 288 4120 non
305 4054 365 4140 sit,
391 4053 576 4122 declaravit
591 4053 721 4122 dudum
739 4053 879 4121 laudato
897 4049 1019 4116 libello
1045 4048 1091 4115 de
1106 4048 1237 4116 Iustino

126 4174 303 4267 Martyre,
330 4200 434 4266 quem
460 4178 599 4248 biennio
625 4179 751 4251 abhinc
771 4177 865 4270 apud
882 4197 944 4242 nos
966 4173 1084 4242 edidit.
1130 4174 1235 4244 Criti-
