2900 4776
449 325 453 332 ,
510 261 736 338 'meroem
767 275 814 337 ι.Ι
1189 273 1235 344 23

123 445 166 507 ad
181 447 291 525 stupra
314 445 462 525 predum,
485 463 548 508 nou
572 449 674 512 sotum
685 447 810 526 puellos
829 445 999 508 sedetiam
1014 448 1180 527 meremus,
1198 453 1233 510 et

123 557 379 634 quomadmodum
402 559 570 618 remeetur
592 559 849 636 autiquigreges
872 559 965 620 Mum
989 559 1044 620 vel
1066 575 1233 636 eaprrrum

121 667 177 728 vel
203 669 309 730 ovium
329 667 550 744 velequorum
570 669 765 744 paseeutium
784 669 918 747 aluisse,
941 670 988 730 ita
1005 687 1085 730 nuno
1098 671 1132 729 et
1146 669 1233 730 libe-

120 779 235 838 rosad
256 779 367 856 turpes
383 779 546 838 dumtaxat
561 795 636 838 usus
653 777 712 853 ali;
737 787 776 838 uo
790 777 973 840 seminarum
990 780 1111 856 pariter
1128 781 1161 840 et
1173 795 1233 838 au·

121 887 337 966 drogyumum
349 890 381 948 et
393 887 529 948 nefanda
540 888 729 966 patrantium
743 888 836 950 turbe
847 889 888 948 ad
903 887 964 948 boo
979 889 1135 965 piaoulum
1147 862 1233 966 apud

121 1013 231 1060 omum
247 1000 358 1074 gentes
373 1001 508 1076 prostat.
529 999 635 1075 Atque
650 1015 692 1058 ex
702 997 755 1058 bis
771 998 932 1058 mercedes
948 1000 981 1058 et
995 999 1181 1062 eellstioues
1199 1001 1232 1060 ot

119 1109 265 1187 portoria
279 1105 453 1186 pereipitis,
467 1125 560 1184 quum
575 1125 631 1168 ees
645 1125 691 1168 ex·
701 1108 778 1168 orbo
791 1103 902 1168 vestro
918 1109 1121 1170 exterminari
1133 1125 1233 1188 oper·

119 1221 216 1278 toret.
251 1218 369 1288 Quibus
379 1219 437 1294 ,qui
451 1219 550 1278 utitur
564 1217 592 1278 is
607 1220 737 1296 praeter
752 1217 920 1278 amandum
938 1219 970 1278 et
986 1219 1114 1296 impium
1128 1221 1160 1280 et
1172 1219 1233 1279 im-

119 1327 268 1408 pudieum
290 1327 505 1406 oououbitum,
526 1329 555 1388 si
576 1329 621 1388 ita
646 1328 714 1388 sors
730 1327 831 1405 ferat,
856 1345 925 1390 euur
945 1327 1010 1391 trio
1029 1331 1084 1390 aut
1098 1331 1234 1406 eoguato

120 1440 178 1498 aut
202 1438 303 1498 fratre
326 1437 490 1498 misoetur.·
528 1437 607 1498 Suet
630 1438 683 1514 qui
704 1435 824 1498 liberos
845 1439 944 1498 etium
967 1455 1042 1498 suos
1059 1441 1092 1498 et
1115 1455 1242 1501 uxores

118 1549 325 1628 prostituant,
347 1565 385 1608 ae
397 1547 502 1624 palam
517 1548 642 1623 quidam
653 1549 695 1608 ad
707 1547 878 1608 eiuaediam
893 1548 1055 1608 evirantur
1069 1550 1102 1608 et
1117 1549 1149 1608 iu
1163 1565 1234 1609 ma·

120 1661 204 1718 mem
223 1660 352 1718 deorum
374 1657 454 1718 base
468 1652 620 1736 mysteria
639 1655 799 1734 referunt,
820 1659 915 1733 atque
930 1658 1015 1734 apud
1028 1673 1239 1738 unumquemq

120 1769 185 1845 que
200 1785 310 1828 eorum
323 1785 402 1845 quos
417 1767 604 1828 existimatis
620 1769 751 1827 deorum
767 1783 900 1843 serpeus
917 1769 1074 1843 tamquam
1088 1783 1234 1844 maguum

120 1877 300 1956 symbolum
315 1881 348 1939 et
372 1879 556 1956 mysterium
573 1877 764 1960 appingitur.
798 1875 899 1953 Igitur
914 1883 997 1951 'quae
1017 1876 1122 1953 palam
1137 1894 1156 1936 a
1171 1893 1233 1938 ve-

119 1989 173 2048 bis
194 1990 329 2065 aguntur
345 1990 377 2048 et
392 1989 536 2048 coluntur
557 1988 648 2048 nobis
664 1987 860 2062 adscribitis,
882 1985 972 2062 quasi
992 2003 1031 2046 ea
1043 1987 1158 2046 divino
1179 1986 1239 2048 lu·.

119 2099 204 2158 mine
221 2115 334 2160 everso
350 2101 382 2158 et
393 2099 548 2160 exstineto
566 2099 802 2176 perpetremus:
826 2096 911 2172 quod
923 2097 1047 2172 quidem
1061 2095 1163 2174 nobis,
1180 2095 1233 2172 qui

120 2223 185 2270 non
206 2209 230 2268 ii
253 2225 358 2269 sumus
379 2210 414 2272 ut
437 2209 604 2285 quidquam
627 2207 780 2268 eiusmodi
802 2205 967 2284 faciamus,
989 2206 1112 2266 minime
1129 2207 1233 2284 meoet,
1290 2202 1295 2212 '

120 2320 181 2382 sed
200 2319 240 2380 iis
261 2321 366 2398 potius
384 2319 490 2395 quiea
506 2305 576 2395 ¹ipsi
597 2316 716 2378 faetent
733 2316 878 2393 falsoque
898 2317 930 2377 iu
951 2316 1033 2376 alios
1058 2314 1233 2376 oeuieruut.

210 2431 261 2490 28.
284 2428 379 2506 Apud
395 2445 453 2488 uos
474 2428 555 2489 euim
569 2427 718 2506 priuoeps
734 2426 887 2488 malorum
901 2425 1084 2491 deemouum
1099 2443 1233 2504 serpeus

119 2541 255 2606 voeatur
271 2540 305 2599 et
321 2539 448 2600 satanas
464 2539 661 2617 otdiabolus,
678 2539 711 2598 ut
726 2553 767 2598 ex
783 2536 913 2616 seriptis
928 2535 1233 2598 uostrissorutaudo

120 2708 215 2762 lustin.
233 2705 276 2760 XI.
300 2709 340 2761 tit.
357 2707 388 2760 41
415 2707 471 2775 lege
488 2703 518 2778 6)
553 2705 659 2759 sublata.
695 2707 799 2772 gereret
813 2699 860 2755 hoc
877 2701 977 2755 foedum
993 2699 1092 2754 suimet.
1129 2699 1184 2778 Qua
1201 2697 1232 2752 de

86 2830 93 2844 ·
195 2801 221 2853 7.
239 2795 297 2850 Καὶ
364 2793 508 2863 μίγνυται]
532 2793 571 2846 De
588 2793 659 2852 inee-¹
694 2803 786 2854 seusu,
808 2787 913 2855 aliisque
938 2801 1002 2855 quae
1021 2783 1052 2836 ad
1076 2784 1233 2850 singulorum

121 2889 171 2943 stis
189 2883 293 2952 flagitiis
315 2881 374 2934 iude
396 2878 609 2948 consequentibus
627 2878 659 2928 ct.
695 2874 748 2926 sivo
768 2876 884 2924 naturam
899 2871 954 2923 sire
976 2866 1116 2921 artificium¹
1131 2868 1232 2933 specta-

122 2975 204 3032 ciem.
225 2971 301 3024 Alex.
324 2966 342 3020 l.
363 2981 385 3018 e.
402 2965 450 3018 111.
476 2980 499 3018 o.
513 2962 539 3016 3.
570 2963 597 3030 5.
616 2960 660 3030 sl,
693 2959 771 3026 brut,
789 2957 833 3009 rix
849 2956 980 3024 quisquam
997 2955 1053 3006 erat
1071 2949 1175 3004 deorum
1191 2948 1233 3000 eui

120 3056 274 3116 Tertullian.
291 3051 367 3120 Apol.
383 3050 442 3120 oti,
459 3051 554 3106 biinuo.
571 3047 659 3100 Oetae.
697 3047 845 3112 serpentem
868 3054 920 3096 bon
940 3036 1124 3106 appingebaut,
1164 3033 1233 3102 qued

121 3161 146 3198 e.
161 3141 205 3210 31,
221 3140 339 3192 Lactsut.
355 3131 658 3190 1nstitt.div.v1.c.so.
692 3131 786 3200 partim
800 3125 876 3194 libri,
894 3124 1001 3178 maxime
1024 3123 1107 3174 autem
1126 3117 1232 3188 nummi,

129 3279 133 3286 ,
192 3226 218 3278 8.
236 3222 326 3286 θεῶν]
363 3222 435 3274 Beue
458 3219 578 3286 Sytburg.
598 3215 660 3268 vidit
695 3216 792 3282 aliaque
807 3209 941 3268 vetustatis
952 3207 1114 3262 monumenta
1126 3219 1173 3258 nos
1186 3201 1232 3255 de-

119 3316 159 3368 ita
178 3309 307 3366 emendari
324 3322 401 3376 pesse
421 3305 490 3370 vulg.
517 3302 586 3374 θεῷ,
610 3299 661 3354 uisi
695 3297 783 3354 eeut.“

121 3396 303 3468 (quodminus
326 3388 422 3462 placet)
443 3389 506 3442 velis
524 3387 563 3458 τῷ
577 3404 661 3454 sopr-
763 3381 789 3436 9.
810 3373 847 3444 eis
861 3373 1047 3452 eirmrrrpeqrp.
1058 3378 1120 3440 ete]
1138 3372 1233 3443 Respi-

120 3479 230 3552 ζομένῳ
256 3474 322 3546 παρ’
353 3471 422 3544 ὑμῖν
443 3469 513 3543 θεῷ.
548 3471 614 3525 lbud
634 3471 662 3524 in
697 3471 732 3526 eir
754 3470 853 3536 bramyr
878 3465 909 3520 ad
933 3463 1045 3532 repetas
1069 3455 1233 3528 ἀνατροπὴν

120 3573 221 3624 textum
236 3569 307 3631 reete
322 3563 475 3632 receperuut
489 3557 617 3614 Brauuius
636 3559 662 3610 ei
697 3552 771 3608 abb.
784 3567 810 3622 p.
821 3551 863 3604 70.
875 3551 908 3604 Β.
930 3549 1013 3616 Quare
1031 3544 1233 3618 miserisqui

123 3653 278 3721 Trullopius.
297 3677 333 3690 -
364 3633 577 3706 dissuentem
596 3639 663 3709 qued
695 3653 744 3708 per
760 3654 788 3692 se
804 3639 889 3706 putet,
915 3636 998 3688 lucem
1016 3635 1095 3688 doubs
1117 3628 1232 3700 eorporis

122 3737 234 3804 attinet,
252 3735 287 3788 aii
302 3731 446 3786 Thirtbius:
466 3729 565 3796 „Sacra
580 3726 662 3780 bestia
696 3722 860 3788 effulgentem
876 3721 1000 3790 designet.

122 3823 184 3878 olim
207 3823 264 3879 erat
282 3816 348 3886 apud
363 3815 455 3868 murltas
472 3814 588 3868 nationes
604 3826 661 3870 serff
708 3855 710 3862 ,
765 3807 790 3858 1.
810 3801 839 3858 ἐκ
854 3823 879 3858 o.
897 3797 971 3874 ἡμετ.
985 3817 1077 3870 ovpyp.
1098 3794 1151 3866 ἐρ.]
1167 3795 1231 3848 Cell.

122 3921 188 3975 psus
205 3909 232 3960 et
249 3903 387 3960 multorum
407 3899 584 3967 mysteriorum
601 3911 661 3964 pars
695 3890 935 3960 Apoca1.eo,s.-
951 3887 1016 3940 Dial.
1033 3901 1055 3937 c.
1071 3884 1114 3936 Tr.
1131 3877 1231 3978 e.103s

123 4005 176 4044 nou
190 4004 282 4058 parra,
302 3985 441 4061 symbolum
458 3983 534 4038 otiam
548 3981 660 4034 aeterni·
696 3975 825 4043 Μωυσῆς
848 3971 899 4042 μὲν
928 3967 1015 4040 iper
1034 3969 1130 4030 καλεῖ,
1148 3961 1177 4018 ἐν
1200 3964 1231 4016 de

122 4075 186 4132 totis
207 4078 234 4128 et
247 4073 387 4141 sapientiae
402 4075 428 4124 et
444 4069 588 4139 potentiae3
615 4065 660 4120 de·
695 4053 814 4128 rpi'ioiti
832 4058 934 4130 καὶτῷ
956 4054 1081 4126 Ζαχαρίᾳ
1105 4043 1231 4118 διάβο-

121 4160 200 4227 nique
216 4157 279 4210 nibil
293 4157 319 4210 in
333 4157 381 4214 diis
402 4157 486 4210 inesse
504 4152 662 4206 arbitraban-
696 4149 758 4206 tec
776 4141 921 4212 κέκληται,
938 4129 1232 4239 usitatissimos

121 4247 166 4304 tur
187 4242 281 4302 ethnici
306 4242 376 4299 euius
400 4255 453 4302 oea
474 4236 663 4306 similitudieem
696 4231 862 4298 sororis
880 4243 1110 4302 sposqpoqsorur·
1205 4303 1207 4306 Ι
