2910 4774
559 259 770 321 Aronoorh
790 259 828 320 11.
1183 261 1243 327 191

127 433 227 511 piicia
243 431 428 510 persolvent
450 433 480 491 in
496 433 627 492 aeterno
644 434 715 510 igne
738 432 860 494 inclusi.
904 433 981 495 Nem
1003 437 1030 496 si
1046 437 1107 496 iarn
1123 437 1162 496 ab
1184 437 1245 497 luo·

130 544 265 603 minibus
282 559 341 620 per
366 559 477 602 nomen
494 542 567 602 Iesu
589 541 707 603 Christi
728 547 934 623 superantur,
958 547 1174 608 documentum
1197 549 1247 608 est

131 653 231 714 futuri
249 653 287 712 iis
309 669 478 728 eorumque
496 653 670 714 cultoribus
696 655 725 714 in
750 657 880 716 aeterno
905 657 977 732 igne
998 658 1153 735 supplicii.
1198 657 1247 716 Ite

131 765 214 824 enim
231 767 264 823 et
279 764 457 841 prophetae
482 779 588 824 omnes
604 755 907 844 praenuntiaverunt
929 766 1082 847 sutorum,
1105 771 1138 827 et
1156 767 1247 828 lesus

131 875 284 952 magister
300 877 409 934 noster
430 875 544 934 docuit.

221 1087 250 1146 9.
276 1086 323 1147 Ne
348 1103 428 1147 vero
451 1087 605 1166 quispiam
632 1089 717 1149 idem
739 1090 822 1150 dicet
845 1090 928 1168 quod
953 1091 1005 1167 qui
1030 1090 1248 1150 existimantur

133 1195 319 1274 philosophi
333 1199 541 1276 contendunt,
566 1201 719 1276 strepitus
739 1201 848 1261 inanes
867 1217 938 1260 esse
956 1217 992 1259 uc
1008 1200 1249 1260 terriculamen-

134 1310 169 1366 ta
185 1325 265 1383 quae
282 1309 321 1368 de
337 1309 550 1385 improborum
567 1310 598 1368 in
622 1312 752 1370 aeterno
776 1312 847 1388 igne
867 1310 1030 1388 suppliciis
1047 1309 1196 1388 dicimus,
1216 1312 1250 1368 et

134 1421 276 1478 nestram
299 1422 503 1496 suspectare
525 1421 711 1480 sententiam
737 1423 771 1481 ut
794 1421 942 1482 virtutem
958 1420 1099 1480 homines
1115 1423 1249 1497 propter

133 1531 249 1588 metum
275 1529 380 1588 colant
402 1531 438 1589 in'
457 1532 523 1592 vita
545 1548 647 1607 neque
669 1534 842 1608 propterea
865 1531 948 1606 quod
963 1530 1129 1606 praeclare
1146 1532 1197 1591 est
1216 1536 1249 1589 et

134 1639 261 1717 placet:
286 1641 395 1716 paucis
409 1642 449 1700 ed
463 1641 524 1701 hoc
537 1643 758 1718 respondebo,
780 1642 841 1700 nisi
855 1643 899 1700 ita
914 1657 967 1699 res
985 1657 1020 1698 se
1039 1639 1172 1716 haheat,
1194 1640 1249 1700 vel

136 1749 228 1808 deum
246 1767 311 1812 non,
329 1767 417 1828 esse,
439 1751 502 1828 vel,
524 1752 552 1810 si
569 1753 627 1828 sit,
651 1751 807 1811 hominum
830 1768 936 1810 curam
951 1767 1013 1810 non
1037 1767 1168 1827 gerere,
1191 1767 1249 1809 uec

137 1860 305 1936 quidquam
319 1877 392 1920 esse
406 1862 553 1921 virtutem
570 1864 602 1920 ct
619 1862 743 1938 vitium,
767 1863 815 1938 ot,
839 1864 872 1920 ut
888 1861 949 1920 iarn
968 1861 1112 1938 diximus,
1132 1861 1249 1920 iniuste

136 1971 276 2048 elegum
292 1972 518 2032 latoribuseos
535 1973 639 2048 puniri
663 1973 715 2048 qui
732 1972 899 2048 praeclara
924 1971 1066 2031 instituta
1082 1973 1251 2049 transgre-

137 2082 273 2141 diuntur.
319 2081 382 2141 Sed
398 2099 491 2158 quum
512 2081 561 2140 illi
579 2083 685 2142 iniusti
703 2099 764 2140 non
784 2081 846 2141 sint
869 2098 1039 2156 eorumque
1059 2098 1175 2159 parens
1191 2098 1249 2140 eu·

36 2215 43 2226 ·
137 2191 207 2251 dem
233 2209 313 2268 quae
338 2192 407 2269 ipse
431 2192 508 2252 facit
531 2192 637 2252 secero
662 2209 721 2268 per
736 2192 833 2268 logon
848 2191 1041 2268 praecipiat,
1065 2207 1127 2250 non
1141 2190 1249 2250 iniusti

138 2301 211 2362 sunt
227 2303 279 2377 qui
302 2302 343 2360 iis
363 2303 585 2378 obsequuntur.
631 2302 665 2361 Si
685 2302 754 2378 quis
778 2303 882 2361 eutem
901 2302 1008 2360 varius
1028 2301 1184 2360 hominum
1198 2301 1249 2359 le·

137 2429 195 2490 ges
224 2413 367 2490 obiiciat,
398 2414 503 2474 dicens
528 2413 611 2490 apud
639 2413 720 2472 alios
747 2412 871 2488 quidem
894 2413 1046 2488 quaedem
1073 2411 1250 2488 praeclara,

138 2523 292 2598 quaedam
315 2522 421 2600 turpia
441 2523 581 2600 censeri,
609 2523 693 2600 epud
717 2524 798 2582 elios
823 2523 927 2581 autom
954 2539 1034 2598 quac
1060 2522 1144 2598 apud
1170 2523 1250 2582 istos

139 2633 244 2710 turpia
263 2632 444 2710 praeclara,
470 2636 502 2692 et
524 2651 602 2708 quae
624 2634 791 2711 praeclara
809 2633 914 2708 turpia
930 2633 1119 2690 existimari:
1143 2632 1251 2690 audiat

139 2743 215 2818 quid
232 2742 345 2802 dehac
370 2759 493 2818 quoque
516 2760 553 2802 re
571 2744 718 2802 dicamus.
762 2741 859 2810 Quum
878 2741 968 2817 leges
985 2740 1109 2826 emulis
1128 2742 1251 2818 angelis

7 2850 14 2875 ¹
48 2895 51 2900 -
140 2853 371 2912 accommodate
386 2853 426 2911 ad
439 2853 578 2930 ipsorum
592 2854 761 2929 nequitiam
776 2851 937 2910 institutes
951 2866 1022 2908 csse
1039 2851 1162 2928 scimus,
1179 2851 1252 2926 qui·

139 2963 200 3022 bus
217 2963 336 3022 similes
351 2979 458 3024 eorum
474 2963 615 3022 homines
632 2963 839 3039 delectantur,
859 2963 924 3021 tum
939 2976 1018 3048 vero
1036 2963 1142 3020 rectus
1158 2961 1252 3038 logos
1314 2983 1324 2998 .

141 3061 313 3160 adveniens
342 3089 404 3132 nou
428 3089 534 3132 omues
561 3074 725 3150 opiniones
746 3089 847 3148 neque
873 3071 1127 3131 omniadecreta
1154 3087 1252 3148 pruo-

141 3183 230 3244 elora
250 3199 321 3242 esse
348 3184 561 3260 demonstrat,
593 3183 650 3244 sed
675 3183 826 3258 quaedam
848 3181 947 3258 mala,
980 3181 1130 3257 quaedem
1153 3181 1252 3257 bona,

141 3309 240 3372 quere
254 3292 405 3352 eiusmodi
421 3293 596 3354 hominihus
613 3311 632 3352 a
648 3309 696 3352 me
716 3293 825 3352 eudem
845 3293 988 3352 dicentur
1007 3293 1039 3350 et
1057 3291 1180 3368 similia,
1200 3297 1254 3350 at-

142 3420 204 3480 que
230 3399 426 3463 disserentur
449 3405 577 3464 uberius
600 3404 628 3464 si
652 3419 731 3481 opus
752 3401 857 3462 fuerit.
901 3401 989 3462 Nunc
1013 3417 1091 3461 vero
1112 3402 1153 3460 ad
1174 3417 1254 3480 pro·

140 3514 278 3592 positum
294 3513 401 3572 redeo.
749 3495 750 3498 ¹

141 3688 198 3726 noc
218 3674 290 3725 siut:
318 3687 360 3724 ne
387 3687 476 3725 eonem
500 3677 579 3742 peter
602 3673 660 3741 qni
669 3705 682 3714 -
718 3671 889 3737 commodate,
909 3672 1011 3724 minime
1030 3669 1110 3737 iniqui
1132 3671 1191 3720 sunt
1212 3667 1255 3736 qui

143 3755 271 3823 dem(i),
291 3759 336 3824 poi
357 3753 447 3809 eedem
469 3761 547 3825 atqcue
565 3759 622 3825 ipse
638 3757 681 3826 su·
717 3759 749 3809 iis
773 3758 956 3823 obsequuntur.
992 3753 1103 3807 Proinde
1129 3751 1167 3820 (id
1189 3751 1256 3821 quod

143 3844 181 3897 cit
200 3842 290 3911 secere
303 3857 354 3910 per
373 3842 482 3895 Vectem
504 3843 592 3902 docet,
618 3857 682 3893 ne-
718 3845 803 3894 mcnle
831 3839 944 3906 suppleri
965 3838 1065 3905 potest)
1089 3835 1169 3903 iniqui
1195 3837 1257 3887 suut

143 3943 208 3998 que
234 3929 279 3996 qni
308 3929 350 3980 his
372 3927 522 3994 praeceptio
550 3921 683 3992 odediunt,
720 3925 762 3993 qui
777 3923 826 3975 iliis
840 3937 891 3974 non
909 3921 1092 3988 obsequuntur.

142 4015 233 4080 iniquae
258 4015 349 4079 operuit.
385 4011 422 4062 hu
450 4025 482 4061 ne
506 4007 554 4062 uei
584 4008 684 4077 quidem
786 4004 811 4059 3.
832 4003 912 4067 τάδε]
937 4003 1063 4058 Fortasse
1086 4004 1199 4056 Iustinus
1221 3998 1257 4056 eri

143 4097 398 4164 rideturepusesse.
428 4095 581 4147 Sensus:
602 4093 685 4157 Quum
718 4087 770 4159 μὲν
792 4091 903 4158 scripsit.
945 4088 996 4141 Sed
1017 4089 1142 4156 rulgntem
1166 4088 1257 4143 iectio-

143 4182 305 4249 legislutores
319 4180 398 4248 iniqui
413 4193 464 4232 uon
480 4179 541 4246 sint,
559 4177 604 4230 sed
619 4177 685 4229 mul·
719 4191 777 4228 uem
794 4175 867 4226 facile
886 4173 999 4226 terirnus.

144 4270 171 4319 te
186 4266 317 4336 praeclare
337 4264 495 4335 praecipient
510 4263 550 4316 dei
566 4263 624 4330 logo
641 4277 684 4315 ec·
788 4255 814 4312 4.
836 4253 990 4328 εἰρήσεται]
1011 4257 1103 4312 Verius
1123 4271 1180 4311 esse
1202 4255 1259 4311 exi-
