2914 4774
215 271 316 320 axau
584 243 971 318 PROLEGOMBNA.

215 435 278 506 aed
292 436 328 506 in
351 436 506 528 margine
531 434 707 504 dumtaxat
725 433 924 516 adnotaret;
963 450 1034 522 qao
1060 432 1100 500 ut
1124 439 1180 520 at,
1205 453 1332 522 quenu-

152 626 167 651 ,
213 561 401 632 admodum
415 562 451 634 in
465 559 638 654 prioribus
655 559 873 644 editionibus,
895 557 1071 636 interdum
1084 568 1204 652 aperto
1221 559 1332 628 libro-

215 689 344 756 riorum
359 687 486 758 meuda
504 685 818 780 deprehendantur.
851 662 999 754 Errores
1022 685 1273 778 typographici
1292 697 1334 755 at

215 813 419 882 tollerentur
443 813 525 882 licet
545 835 678 905 magula
704 833 785 880 cum
812 812 987 885 curatione
1009 811 1189 915 rtuduerit,
1214 822 1333 882 tamea

215 940 314 1008 malti
340 939 451 1040 relicti
474 949 554 1010 suut
574 961 661 1028 quos
689 938 725 1004 in
750 936 909 1005 editionis
938 937 1034 1006 calce
1058 959 1130 1006 non
1155 937 1330 1007 indicarit.

216 1065 349 1136 Novam
380 1065 573 1134 versionem
598 1065 785 1155 praecipue
817 1061 1062 1132 desiderabant
1092 1067 1256 1134 tramatu's
1283 1065 1331 1132 de

216 1189 427 1275 monarchia,
450 1197 597 1278 utraque
614 1187 997 1280 Apologia-Dialogus
1018 1211 1097 1257 cunr
1114 1189 1332 1282 Tryphoner

217 1313 418 1384 Orationem
440 1314 484 1382 ad
514 1315 666 1384 Graecos
693 1323 729 1382 et
755 1314 951 1405 Epistulam
975 1283 1029 1382 ad·
1044 1315 1258 1407 Diognetum
1289 1335 1333 1383 eu

217 1441 327 1509 Heur.
351 1439 521 1532 Stephani
543 1440 761 1510 translatione
781 1439 916 1508 iteravit
929 1439 1085 1530 pluribus
1105 1441 1193 1510 locis
1209 1463 1330 1510 ernen-

217 1567 318 1636 data:
351 1567 393 1654 in
426 1567 568 1665 caeteris
595 1566 691 1634 libris
717 1565 843 1658 possim
867 1565 1010 1644 latinum
1035 1565 1085 1634 Io.
1115 1566 1229 1657 Longi
1255 1575 1334 1634 tex-

217 1703 290 1781 tum
307 1693 472 1762 exhibuit
524 1693 593 1760 Hic
618 1700 731 1762 autem
768 1691 855 1760 ordo
879 1691 1133 1784 (psl-zuo)
1161 1701 1334 1762 servatur:

218 1817 340 1889 Oratio
364 1819 410 1888 ad
439 1818 615 1906 Gentiles,
656 1818 860 1888 Cohortatio
891 1819 937 1886 ad
962 1819 1136 1902 Gentiles,
1179 1818 1236 1886 De
1254 1841 1335 1886 mo-

218 1947 377 2032 narchia,
409 1945 588 2037 Apologia
611 1945 802 2035 prolixior,
842 1943 1021 2036 Apologia
1051 1945 1211 2030 brevior,
1246 1944 1334 2021 Dia-

219 2072 322 2162 lngus
341 2093 419 2138 cum
435 2069 645 2161 Tryphone,
669 2069 829 2160 Epistola
844 2069 888 2136 ad
904 2070 1127 2160 Diognetum.
1166 2069 1333 2162 Append.

218 2195 296 2266 1².1
331 2196 384 2287 (p.
410 2192 660 2282 ldl-hfldlz
688 2195 849 2286 Epistola
874 2195 918 2264 ad
943 2195 1072 2264 zenam
1099 2205 1134 2263 et
1153 2196 1334 2278 Serenum,

219 2319 402 2411 Erp'ositio
424 2329 538 2390 rectae
567 2317 669 2404 fidei,
701 2320 926 2404 Quaestiones
951 2331 986 2400 et
1006 2323 1263 2414 Responsiones
1290 2323 1336 2391 ud

220 2444 464 2532 orthodoxos,
492 2445 718 2530 Quaestioues
743 2445 1015 2517 Christianorum
1038 2448 1084 2516 ad
1099 2449 1257 2518 Gentiles
1277 2451 1334 2540 (et

219 2572 441 2664 pertractatio
466 2571 556 2642 Adv.
583 2572 776 2663 Gentiles),
808 2573 1035 2658 Quaestiones
1068 2575 1258 2645 Gentilium
1290 2576 1337 2644 ad

220 2697 450 2784 Christianos,
476 2697 676 2768 Consolatio
693 2700 897 2791 dogmatum
916 2701 1143 2790 quorumdam
1160 2703 1334 2772 Aristote-

219 2823 280 2906 lis3
317 2823 766 2918 P.11(p.585-6ou)=
799 2826 888 2895 Acta
911 2829 1126 2920 martyriis.
1150 2827 1270 2898 luatir'ri
1300 2838 1337 2898 et

219 2948 414 3042 fragmenta
438 2951 708 3046 deperditorum.
734 2991 787 3004 -
830 2943 999 3045 Syuihola
1027 2956 1143 3023 critica
1170 2955 1333 3024 adhunc

163 3157 166 3162 ¹
220 3075 409 3145 editionem
434 3078 531 3146 dedit
555 3079 594 3148 C.
616 3079 658 3148 A.
682 3079 911 3147 Heumann
940 3080 976 3146 in
1001 3079 1218 3151 Miscellaun.
1244 3081 1335 3173 Lip-

221 3202 321 3270 aieus.
343 3223 422 3268 nov.
443 3203 521 3270 Vol.
542 3203 601 3271 lll.
619 3203 658 3270 Ρ.
680 3202 703 3268 2
728 3203 841 3294 (Lips.
862 3203 972 3272 llll.
992 3203 1032 3293 Β)
1049 3229 1084 3298 p.
1102 3205 1180 3307 2ξῖ
1194 3231 1287 3296 sqq..

251 3402 257 3411 Ι
325 3324 562 3396 Maraniauum
581 3327 759 3417 exemplar
776 3329 911 3418 paginis
929 3330 1107 3419 paulisper
1124 3333 1260 3399 mutatis
1283 3341 1337 3400 est

215 3452 415 3542 repetitum
437 3451 614 3520 Vernaus
640 3452 734 3543 apud
757 3452 988 3543 Augustiuum
1016 3453 1147 3520 Savioli
1170 3477 1200 3521 a.
1225 3453 1336 3526 lm.

226 3577 306 3646 Fol.
324 3576 421 3646 mai..
474 3576 547 3646 Sed
562 3577 733 3670 permulta
756 3578 825 3645 hoc
845 3577 880 3646 in
902 3579 993 3647 libro
1012 3579 1230 3672 inueniuntur
1245 3603 1337 3674 ope-

224 3725 337 3772 rarum
357 3711 509 3794 peccata.
527 3741 580 3756 —
611 3703 669 3772 Ad
683 3703 776 3772 idem
793 3705 969 3796 exemplar
984 3705 1179 3798 Apologias
1196 3717 1232 3776 et
1248 3709 1336 3777 uia.

222 3831 344 3924 logum
370 3851 495 3922 graece
521 3837 556 3898 et
578 3829 684 3897 latine
717 3829 826 3899 edidit
849 3830 1021 3900 Annaeus
1037 3831 1249 3901 Gununnurr
1271 3833 1336 3902 Bi-

222 3957 399 4028 bliatheca
428 3963 582 4024 veterum
617 3954 759 4023 Petrum
798 3955 1084 4048 antiquorumque
1119 3957 1337 4049 Scriptorum

224 4081 540 4173 ecclesiasticorum.
572 4079 709 4148 Tomi
737 4080 876 4170 (Venet.
915 4079 1025 4150 1⁷65.
1055 4081 1135 4150 Pol.
1161 4083 1258 4172 mai,
1292 4105 1337 4152 ex

223 4205 460 4300 typographia
480 4206 529 4276 lo.
546 4203 649 4300 Bapt.
666 4205 805 4276 Albritii
821 4205 966 4278 Hieron.
985 4207 1071 4298 Fil.)
1090 4231 1126 4304 p.
1146 4207 1218 4280 411
1240 4233 1334 4302 sqq..
